
@article{carraro_2013,
title={The Milky Way thin disk structure as revealed by stars and young open clusters},
volume={9},
DOI={10.1017/S1743921313006157},
number={S298},
journal={Proceedings of the International Astronomical Union},
publisher={Cambridge University Press},
author={Carraro, Giovanni},
year={2013},
pages={7â€“16}}

@ARTICLE{GaiaDR2_2018,
author = {{Gaia Collaboration} and {Brown}, A.~G.~A. and {Vallenari}, A. and
{Prusti}, T. and {de Bruijne}, J.~H.~J. and {Babusiaux}, C. and
{Bailer-Jones}, C.~A.~L.},
title = "{Gaia Data Release 2. Summary of the contents and survey properties}",
journal = {ArXiv e-prints},
archivePrefix = "arXiv",
eprint = {1804.09365},
keywords = {Astrophysics - Astrophysics of Galaxies, Astrophysics -
Instrumentation and Methods for Astrophysics},
year = 2018,
month = apr,
adsurl = {http://adsabs.harvard.edu/abs/2018arXiv180409365G},
adsnote = {Provided by the SAO/NASA Astrophysics Data System}
}

@ARTICLE{Molina_2018,
       author = {{Molina Lera}, J.~A. and {Baume}, G. and {Gamen}, R.},
        title = "{Young star clusters and the structure of the second Galactic quadrant}",
      journal = {\mnras},
     keywords = {stars: early-type, stars: formation, open clusters and associations, Galaxy: structure},
         year = 2018,
        month = oct,
       volume = {480},
       number = {2},
        pages = {2386-2404},
          doi = {10.1093/mnras/sty1874},
       adsurl = {https://ui.adsabs.harvard.edu/abs/2018MNRAS.480.2386M},
      adsnote = {Provided by the SAO/NASA Astrophysics Data System}
}

@article{Loktin_1992,
        author = { A. V.   Loktin  and  N. V.   Matkin },
        title = {Open clusters as spiral structure tracers in our galaxy},
        journal = {Astronomical \& Astrophysical Transactions},
        volume = {3},
        number = {2},
        pages = {169-174},
        year  = {1992},
        publisher = {Taylor & Francis},
        doi = {10.1080/10556799208230554},
        URL = {https://doi.org/10.1080/10556799208230554}
}

@article{Perren_2015,
doi = {10.1051/0004-6361/201424946},
url = {http://dx.doi.org/10.1051/0004-6361/201424946},
year = {2015},
month = {mar},
publisher = {{EDP} Sciences},
volume = {576},
pages = {A6},
author = {G. I. Perren and R. A. V{\'{a}}zquez and A. E. Piatti},
title = {{{ASteCA}: Automated Stellar Cluster Analysis}},
journal = {aap},
}

@ARTICLE{Perren_2017,
author = {{Perren}, G.~I. and {Piatti}, A.~E. and {V{\'a}zquez}, R.~A.
},
title = "{Astrophysical properties of star clusters in the Magellanic Clouds
homogeneously estimated by ASteCA}",
journal = {aap},
eprint = {1701.08640},
keywords = {galaxies: fundamental parameters, galaxies: star clusters: general,
Magellanic Clouds, methods: statistical, catalogs, techniques: photometric},
year = 2017,
month = jun,
volume = 602,
eid = {A89},
pages = {A89},
doi = {10.1051/0004-6361/201629520},
adsurl = {http://adsabs.harvard.edu/abs/2017A%26A...602A..89P}
}

@ARTICLE{2018A&A...618A..93C,
author = {{Cantat-Gaudin}, T. and {Jordi}, C. and {Vallenari}, A. and
{Bragaglia}, A. and {Balaguer-N{\'u}{\~n}ez}, L. and {Soubiran}, C. and
{Bossini}, D. and {Moitinho}, A. and {Castro-Ginard}, A. and
{Krone-Martins}, A. and {Casamiquela}, L. and {Sordo}, R. and
{Carrera}, R.},
title = "{A Gaia DR2 view of the open cluster population in the Milky Way}",
journal = {A\&A},
archivePrefix = "arXiv",
eprint = {1805.08726},
keywords = {stars: distances, Galaxy: disk, Galaxy: structure, open clusters and
associations: general},
year = 2018,
month = oct,
volume = 618,
eid = {A93},
pages = {A93},
doi = {10.1051/0004-6361/201833476},
adsurl = {http://adsabs.harvard.edu/abs/2018A%26A...618A..93C},
adsnote = {Provided by the SAO/NASA Astrophysics Data System}
}

@ARTICLE{Kharchenko_2005,
author = {{Kharchenko}, N.~V. and {Piskunov}, A.~E. and {R{\"o}ser}, S. and
{Schilbach}, E. and {Scholz}, R.-D.},
title = "{Astrophysical parameters of Galactic open clusters}",
journal = {aap},
eprint = {astro-ph/0501674},
keywords = {techniques: photometric, catalogs, astrometry, stars: kinematics,
open clusters and associations: general, Galaxy: stellar content},
year = 2005,
month = aug,
volume = 438,
pages = {1163-1173},
doi = {10.1051/0004-6361:20042523},
adsurl = {http://adsabs.harvard.edu/abs/2005A%26A...438.1163K},
adsnote = {Provided by the SAO/NASA Astrophysics Data System}
}


@ARTICLE{Schlafly_2011,
   author = {{Schlafly}, E.~F. and {Finkbeiner}, D.~P.},
    title = "{Measuring Reddening with Sloan Digital Sky Survey Stellar Spectra and Recalibrating SFD}",
  journal = {ApJ},
archivePrefix = "arXiv",
   eprint = {1012.4804},
 primaryClass = "astro-ph.GA",
 keywords = {dust, extinction, Galaxy: stellar content, ISM: clouds},
     year = 2011,
    month = aug,
   volume = 737,
      eid = {103},
    pages = {103},
      doi = {10.1088/0004-637X/737/2/103},
   adsurl = {http://adsabs.harvard.edu/abs/2011ApJ...737..103S},
  adsnote = {Provided by the SAO/NASA Astrophysics Data System}
}

@ARTICLE{Vazquez2008,
  author = {{V{\'a}zquez}, R.~A. and {May}, J. and {Carraro}, G. and {Bronfman},
  L. and {Moitinho}, A. and {Baume}, G.},
  title = {{Spiral Structure in the Outer Galactic Disk. I. The Third Galactic
  Quadrant}},
  journal = {ApJ},
  year = {2008},
  volume = {672},
  pages = {930-939},
  month = jan,
  adsnote = {Provided by the SAO/NASA Astrophysics Data System},
  adsurl = {http://adsabs.harvard.edu/abs/2008ApJ...672..930V},
  archiveprefix = {arXiv},
  doi = {10.1086/524003},
  eprint = {0709.3973},
  keywords = {Galaxy: Disk, Galaxy: Structure, Galaxy: Open Clusters and Associations:
  General}
}

@INPROCEEDINGS{Moitinho_2010,
   author = {{Moitinho}, A.},
    title = "{Observational properties of the open cluster system of the Milky Way and what they tell us about our Galaxy}",
 keywords = {catalogs, ISM: extinction, Galaxy: evolution, Galaxy: disk, open clusters and associations: general},
booktitle = {Star Clusters: Basic Galactic Building Blocks Throughout Time and Space},
     year = 2010,
   series = {IAU Symposium},
   volume = 266,
archivePrefix = "arXiv",
   eprint = {0911.1459},
   editor = {{de Grijs}, R. and {L{\'e}pine}, J.~R.~D.},
    month = jan,
    pages = {106-116},
      doi = {10.1017/S1743921309990949},
   adsurl = {https://ui.adsabs.harvard.edu/abs/2010IAUS..266..106M},
  adsnote = {Provided by the SAO/NASA Astrophysics Data System}
}

@ARTICLE{Moitinho_2006,
   author = {{Moitinho}, A. and {V{\'a}zquez}, R.~A. and {Carraro}, G. and 
  {Baume}, G. and {Giorgi}, E.~E. and {Lyra}, W.},
    title = "{Spiral structure of the third galactic quadrant and the solution to the Canis Major debate}",
  journal = {\mnras},
   eprint = {astro-ph/0602493},
 keywords = {open clusters and associations: general, Galaxy: stellar content, Galaxy: structure, galaxies: dwarf},
     year = 2006,
    month = may,
   volume = 368,
    pages = {L77-L81},
      doi = {10.1111/j.1745-3933.2006.00163.x},
   adsurl = {https://ui.adsabs.harvard.edu/abs/2006MNRAS.368L..77M},
  adsnote = {Provided by the SAO/NASA Astrophysics Data System}
}

@ARTICLE{Bossini_2019,
   author = {{Bossini}, D. and {Vallenari}, A. and {Bragaglia}, A. and {Cantat-Gaudin}, T. and 
  {Sordo}, R. and {Balaguer-N{\'u}{\~n}ez}, L. and {Jordi}, C. and 
  {Moitinho}, A. and {Soubiran}, C. and {Casamiquela}, L. and 
  {Carrera}, R. and {Heiter}, U.},
    title = "{Age determination for 269 Gaia DR2 open clusters}",
  journal = {\aap},
archivePrefix = "arXiv",
   eprint = {1901.04733},
 primaryClass = "astro-ph.SR",
 keywords = {methods: statistical, open clusters and associations: general, Galaxy: stellar content, catalogs},
     year = 2019,
    month = mar,
   volume = 623,
      eid = {A108},
    pages = {A108},
      doi = {10.1051/0004-6361/201834693},
   adsurl = {https://ui.adsabs.harvard.edu/abs/2019A%26A...623A.108B},
  adsnote = {Provided by the SAO/NASA Astrophysics Data System}
}

@ARTICLE{Bressan_2012,
   author = {{Bressan}, A. and {Marigo}, P. and {Girardi}, L. and {Salasnich}, B. and 
  {Dal Cero}, C. and {Rubele}, S. and {Nanni}, A.},
    title = "{PARSEC: stellar tracks and isochrones with the PAdova and TRieste Stellar Evolution Code}",
  journal = {\mnras},
archivePrefix = "arXiv",
   eprint = {1208.4498},
 primaryClass = "astro-ph.SR",
 keywords = {stars: evolution, Hertzsprung{\dash}Russell and colour magnitude diagrams, stars: interiors, stars: low-mass},
     year = 2012,
    month = nov,
   volume = 427,
    pages = {127-145},
      doi = {10.1111/j.1365-2966.2012.21948.x},
   adsurl = {https://ui.adsabs.harvard.edu/abs/2012MNRAS.427..127B},
  adsnote = {Provided by the SAO/NASA Astrophysics Data System}
}

@ARTICLE{Schlafly2011,
   author = {{Schlafly}, E.~F. and {Finkbeiner}, D.~P.},
    title = "{Measuring Reddening with Sloan Digital Sky Survey Stellar Spectra and Recalibrating SFD}",
  journal = {\apj},
archivePrefix = "arXiv",
   eprint = {1012.4804},
 primaryClass = "astro-ph.GA",
 keywords = {dust, extinction, Galaxy: stellar content, ISM: clouds},
     year = 2011,
    month = aug,
   volume = 737,
      eid = {103},
    pages = {103},
      doi = {10.1088/0004-637X/737/2/103},
   adsurl = {https://ui.adsabs.harvard.edu/abs/2011ApJ...737..103S},
  adsnote = {Provided by the SAO/NASA Astrophysics Data System}
}

@ARTICLE{valle_2005,
   author = {{Vall{\'e}e}, J.~P.},
    title = "{The Spiral Arms and Interarm Separation of the Milky Way: An Updated Statistical Study}",
  journal = {\aj},
 keywords = {Galaxy: Disk, Galaxy: Structure, ISM: General, Standards},
     year = 2005,
    month = aug,
   volume = 130,
    pages = {569-575},
      doi = {10.1086/431744},
   adsurl = {http://adsabs.harvard.edu/abs/2005AJ....130..569V},
  adsnote = {Provided by the SAO/NASA Astrophysics Data System}
}


@ARTICLE{Dias_2002,
       author = {{Dias}, W.~S. and {Alessi}, B.~S. and {Moitinho}, A. and
         {L{\'e}pine}, J.~R.~D.},
        title = "{New catalogue of optically visible open clusters and candidates}",
      journal = {\aap},
     keywords = {galaxy: open clusters and associations: general, catalogs, Astrophysics},
         year = "2002",
        month = "Jul",
       volume = {389},
        pages = {871-873},
          doi = {10.1051/0004-6361:20020668},
archivePrefix = {arXiv},
       eprint = {astro-ph/0203351},
 primaryClass = {astro-ph},
       adsurl = {https://ui.adsabs.harvard.edu/abs/2002A&A...389..871D},
      adsnote = {Provided by the SAO/NASA Astrophysics Data System}
}


@ARTICLE{King_1962,
       author = {{King}, Ivan},
        title = "{The structure of star clusters. I. an empirical density law}",
      journal = {\aj},
         year = 1962,
        month = oct,
       volume = {67},
        pages = {471},
          doi = {10.1086/108756},
       adsurl = {https://ui.adsabs.harvard.edu/abs/1962AJ.....67..471K},
      adsnote = {Provided by the SAO/NASA Astrophysics Data System}
}

















%%%%%%%%%%%%%%%%%%%%%%%%%%%%%%%%%%%%%%%%%%%%%%%
% Packages and tools
%%%%%%%%%%%%%%%%%%%%%%%%%%%%%%%%%%%%%%%%%%%%%%%
@article{corner,
  doi = {10.21105/joss.00024},
  url = {https://doi.org/10.21105/joss.00024},
  year  = {2016},
  month = {jun},
  publisher = {The Open Journal},
  volume = {1},
  number = {2},
  pages = {24},
  author = {Daniel Foreman-Mackey},
  title = {corner.py: Scatterplot matrices in Python},
  journal = {The Journal of Open Source Software}
}

@article{emcee,
   author = {{Foreman-Mackey}, D. and {Hogg}, D.~W. and {Lang}, D. and {Goodman}, J.},
    title = {emcee: The MCMC Hammer},
  journal = {PASP},
     year = 2013,
   volume = 125,
    pages = {306-312},
   eprint = {1202.3665},
      doi = {10.1086/670067}
}

@ARTICLE{Ochsenbein_2000,
   author = {{Ochsenbein}, F. and {Bauer}, P. and {Marcout}, J.},
    title = "{The VizieR database of astronomical catalogues}",
  journal = {\aaps},
   eprint = {astro-ph/0002122},
 keywords = {ASTRONOMICAL DATA BASES: MISCELLANEOUS, CATALOGS},
     year = 2000,
    month = apr,
   volume = 143,
    pages = {23-32},
      doi = {10.1051/aas:2000169},
   adsurl = {http://cdsads.u-strasbg.fr/abs/2000A%26AS..143...23O},
  adsnote = {Provided by the SAO/NASA Astrophysics Data System}
}

@ARTICLE{Bonnarel2000,
  author = {{Bonnarel}, F. and {Fernique}, P. and {Bienaym{\'e}}, O. and {Egret}, D. and {Genova}, F. and {Louys}, M. and {Ochsenbein}, F. and {Wenger}, M. and {Bartlett}, J.~G.},
  title = {{The ALADIN interactive sky atlas. A reference tool for identification of astronomical sources}},
  journal = {AAPS},
  keywords = {ASTRONOMICAL DATA BASES: MISCELLANEOUS, CATALOGS, ATLASES, SURVEYS},
  year = {2000},
  month = {apr},
  volume = {143},
  pages = {33-40},
  doi = {10.1051/aas:2000331},
  adsurl = {http://cdsads.u-strasbg.fr/abs/2000A%26AS..143...33B},
  adsnote = {Provided by the SAO/NASA Astrophysics Data System},
}

@INPROCEEDINGS{Boch2014,
  author = {{Boch}, T. and {Fernique}, P.},
  title = {{Aladin Lite: Embed your Sky in the Browser}},
  booktitle = {Astronomical Data Analysis Software and Systems XXIII},
  year = {2014},
  series = {Astronomical Society of the Pacific Conference Series},
  volume = {485},
  editor = {{Manset}, N. and {Forshay}, P.},
  month = {may},
  pages = {277},
  adsurl = {http://cdsads.u-strasbg.fr/abs/2014ASPC..485..277B},
  adsnote = {Provided by the SAO/NASA Astrophysics Data System},
}

@TechReport{vanRossum_1995,
  author =       "Guido {van Rossum}",
  title =        "{Python} tutorial",
  type =         "Report",
  number =       "CS-R9526",
  institution =  "pub-CWI",
  address =      "pub-CWI:adr",
  pages =        "iii + 65",
  month =        apr,
  year =         "1995",
  bibdate =      "Thu May 21 14:06:05 MDT 1998",
  keywords =     "Object-oriented programming (Computer science);
                 Programming languages (Electronic computers)",
}

@article{vanDerWalt_2011,
  title={The NumPy array: a structure for efficient numerical computation},
  author={Van Der Walt, Stefan and Colbert, S Chris and Varoquaux, Gael},
  journal={Computing in Science \& Engineering},
  volume={13},
  number={2},
  pages={22--30},
  year={2011},
  publisher={AIP Publishing}
}

@Misc{Jones_2001,
  author =    {Eric Jones and Travis Oliphant and Pearu Peterson and others},
  title =     {{SciPy}: Open source scientific tools for {Python}},
  year =      {2001},
  url = "http://www.scipy.org/",
  note = {[Online; accessed 2016-06-21]}
}

@ARTICLE{Astropy_2013,
   author = {{Astropy Collaboration} and {Robitaille}, T.~P. and {Tollerud}, E.~J. and 
  {Greenfield}, P. and {Droettboom}, M. and {Bray}, E. and {Aldcroft}, T. and 
  {Davis}, M. and {Ginsburg}, A. and {Price-Whelan}, A.~M. and 
  {Kerzendorf}, W.~E. and {Conley}, A. and {Crighton}, N. and 
  {Barbary}, K. and {Muna}, D. and {Ferguson}, H. and {Grollier}, F. and 
  {Parikh}, M.~M. and {Nair}, P.~H. and {Unther}, H.~M. and {Deil}, C. and 
  {Woillez}, J. and {Conseil}, S. and {Kramer}, R. and {Turner}, J.~E.~H. and 
  {Singer}, L. and {Fox}, R. and {Weaver}, B.~A. and {Zabalza}, V. and 
  {Edwards}, Z.~I. and {Azalee Bostroem}, K. and {Burke}, D.~J. and 
  {Casey}, A.~R. and {Crawford}, S.~M. and {Dencheva}, N. and 
  {Ely}, J. and {Jenness}, T. and {Labrie}, K. and {Lim}, P.~L. and 
  {Pierfederici}, F. and {Pontzen}, A. and {Ptak}, A. and {Refsdal}, B. and 
  {Servillat}, M. and {Streicher}, O.},
    title = "{Astropy: A community Python package for astronomy}",
  journal = {\aap},
archivePrefix = "arXiv",
   eprint = {1307.6212},
 primaryClass = "astro-ph.IM",
 keywords = {methods: data analysis, methods: miscellaneous, virtual observatory tools},
     year = 2013,
    month = oct,
   volume = 558,
      eid = {A33},
    pages = {A33},
      doi = {10.1051/0004-6361/201322068},
   adsurl = {http://adsabs.harvard.edu/abs/2013A%26A...558A..33A},
  adsnote = {Provided by the SAO/NASA Astrophysics Data System}
}

@article{hunter_2007,
  title={Matplotlib: A 2D graphics environment},
  author={Hunter, John D and others},
  journal={Computing in science and engineering},
  volume={9},
  number={3},
  pages={90--95},
  year={2007}
}
