
@ARTICLE{Anders_2021,
       author = {{Anders}, F. and {Khalatyan}, A. and {Queiroz}, A.~B.~A. and {Chiappini}, C. and {Ard{\`e}vol}, J. and {Casamiquela}, L. and {Figueras}, F. and {Jim{\'e}nez-Arranz}, {\'O}. and {Jordi}, C. and {Mongui{\'o}}, M. and {Romero-G{\'o}mez}, M. and {Altamirano}, D. and {Antoja}, T. and {Assaad}, R. and {Cantat-Gaudin}, T. and {Castro-Ginard}, A. and {Enke}, H. and {Girardi}, L. and {Guiglion}, G. and {Khan}, S. and {Luri}, X. and {Miglio}, A. and {Minchev}, I. and {Ramos}, P. and {Santiago}, B.~X. and {Steinmetz}, M.},
        title = "{Photo-astrometric distances, extinctions, and astrophysical parameters for Gaia EDR3 stars brighter than G=18.5}",
      journal = {arXiv e-prints},
     keywords = {Astrophysics - Astrophysics of Galaxies, Astrophysics - Solar and Stellar Astrophysics},
         year = 2021,
        month = nov,
          eid = {arXiv:2111.01860},
        pages = {arXiv:2111.01860},
archivePrefix = {arXiv},
       eprint = {2111.01860},
 primaryClass = {astro-ph.GA},
       adsurl = {https://ui.adsabs.harvard.edu/abs/2021arXiv211101860A},
      adsnote = {Provided by the SAO/NASA Astrophysics Data System}
}

@ARTICLE{Bica_1999,
       author = {{Bica}, E. and {Ortolani}, S. and {Barbuy}, B.},
        title = "{The nature of the star clusters ESO 93-SC08 and ESO 452-SC11}",
      journal = {\aaps},
     keywords = {GLOBULAR CLUSTERS: ESO 452-SC11, OPEN CLUSTERS: ESO 93-SC08, HR DIAGRAM},
         year = 1999,
        month = apr,
       volume = {136},
        pages = {363-372},
          doi = {10.1051/aas:1999219},
       adsurl = {https://ui.adsabs.harvard.edu/abs/1999A&AS..136..363B},
      adsnote = {Provided by the SAO/NASA Astrophysics Data System}
}

@ARTICLE{Bossini_2019,
   author = {{Bossini}, D. and {Vallenari}, A. and {Bragaglia}, A. and {Cantat-Gaudin}, T. and 
  {Sordo}, R. and {Balaguer-N{\'u}{\~n}ez}, L. and {Jordi}, C. and 
  {Moitinho}, A. and {Soubiran}, C. and {Casamiquela}, L. and 
  {Carrera}, R. and {Heiter}, U.},
    title = "{Age determination for 269 Gaia DR2 open clusters}",
  journal = {\aap},
archivePrefix = "arXiv",
   eprint = {1901.04733},
 primaryClass = "astro-ph.SR",
 keywords = {methods: statistical, open clusters and associations: general, Galaxy: stellar content, catalogs},
     year = 2019,
    month = mar,
   volume = 623,
      eid = {A108},
    pages = {A108},
      doi = {10.1051/0004-6361/201834693},
   adsurl = {https://ui.adsabs.harvard.edu/abs/2019A%26A...623A.108B},
  adsnote = {Provided by the SAO/NASA Astrophysics Data System}
}

@ARTICLE{Bressan_2012,
   author = {{Bressan}, A. and {Marigo}, P. and {Girardi}, L. and {Salasnich}, B. and 
  {Dal Cero}, C. and {Rubele}, S. and {Nanni}, A.},
    title = "{PARSEC: stellar tracks and isochrones with the PAdova and TRieste Stellar Evolution Code}",
  journal = {\mnras},
archivePrefix = "arXiv",
   eprint = {1208.4498},
 primaryClass = "astro-ph.SR",
 keywords = {stars: evolution, Hertzsprung{\dash}Russell and colour magnitude diagrams, stars: interiors, stars: low-mass},
     year = 2012,
    month = nov,
   volume = 427,
    pages = {127-145},
      doi = {10.1111/j.1365-2966.2012.21948.x},
   adsurl = {https://ui.adsabs.harvard.edu/abs/2012MNRAS.427..127B},
  adsnote = {Provided by the SAO/NASA Astrophysics Data System}
}


@ARTICLE{Carraro1995,
       author = {{Carraro}, G. and {Vallenari}, A. and {Ortolani}, S.},
        title = "{CCD photometry of the faint old open clusters ESO 96-SC04. and ESO 92-SC18.}",
      journal = {\aap},
     keywords = {OPEN CLUSTERS: GENERAL: ESO 96-SC04 AND ESO 92-SC18},
         year = 1995,
        month = aug,
       volume = {300},
        pages = {128},
       adsurl = {https://ui.adsabs.harvard.edu/abs/1995A&A...300..128C},
      adsnote = {Provided by the SAO/NASA Astrophysics Data System}
}


@ARTICLE{Cantat_2020,
       author = {{Cantat-Gaudin}, T. and {Anders}, F. and {Castro-Ginard}, A. and {Jordi}, C. and {Romero-G{\'o}mez}, M. and {Soubiran}, C. and {Casamiquela}, L. and {Tarricq}, Y. and {Moitinho}, A. and {Vallenari}, A. and {Bragaglia}, A. and {Krone-Martins}, A. and {Kounkel}, M.},
        title = "{Painting a portrait of the Galactic disc with its stellar clusters}",
      journal = {\aap},
     keywords = {open clusters and associations: general, Galaxy: disk, Astrophysics - Astrophysics of Galaxies, Astrophysics - Solar and Stellar Astrophysics},
         year = 2020,
        month = aug,
       volume = {640},
          eid = {A1},
        pages = {A1},
          doi = {10.1051/0004-6361/202038192},
archivePrefix = {arXiv},
       eprint = {2004.07274},
 primaryClass = {astro-ph.GA},
       adsurl = {https://ui.adsabs.harvard.edu/abs/2020A&A...640A...1C},
      adsnote = {Provided by the SAO/NASA Astrophysics Data System}
}

@ARTICLE{Cantat2018,
       author = {{Cantat-Gaudin}, T. and {Jordi}, C. and {Vallenari}, A. and {Bragaglia}, A. and {Balaguer-N{\'u}{\~n}ez}, L. and {Soubiran}, C. and {Bossini}, D. and {Moitinho}, A. and {Castro-Ginard}, A. and {Krone-Martins}, A. and {Casamiquela}, L. and {Sordo}, R. and {Carrera}, R.},
        title = "{A Gaia DR2 view of the open cluster population in the Milky Way}",
      journal = {\aap},
     keywords = {stars: distances, Galaxy: disk, Galaxy: structure, open clusters and associations: general, Astrophysics - Astrophysics of Galaxies},
         year = 2018,
        month = oct,
       volume = {618},
          eid = {A93},
        pages = {A93},
          doi = {10.1051/0004-6361/201833476},
archivePrefix = {arXiv},
       eprint = {1805.08726},
 primaryClass = {astro-ph.GA},
       adsurl = {https://ui.adsabs.harvard.edu/abs/2018A&A...618A..93C},
      adsnote = {Provided by the SAO/NASA Astrophysics Data System}
}

@ARTICLE{Carraro_2003,
       author = {{Carraro}, Giovanni and {Baume}, Gustavo},
        title = "{The old open clusters Saurer A, B and C revisited}",
      journal = {\mnras},
     keywords = {Hertzsprung, Russell (HR) diagram, open clusters and associations: general, open clusters and associations: individual: Saurer A, open clusters and associations: individual: Saurer B, open clusters and associations: individual: Saurer C, Astrophysics},
         year = 2003,
        month = nov,
       volume = {346},
       number = {1},
        pages = {18-26},
          doi = {10.1046/j.1365-2966.2003.07062.x},
archivePrefix = {arXiv},
       eprint = {astro-ph/0309125},
 primaryClass = {astro-ph},
       adsurl = {https://ui.adsabs.harvard.edu/abs/2003MNRAS.346...18C},
      adsnote = {Provided by the SAO/NASA Astrophysics Data System}
}

@ARTICLE{Carraro_2004,
       author = {{Carraro}, Giovanni and {Bresolin}, Fabio and {Villanova}, Sandro and {Matteucci}, Francesca and {Patat}, Ferdinando and {Romaniello}, Martino},
        title = "{Metal Abundances in Extremely Distant Galactic Old Open Clusters. I. Berkeley 29 and Saurer 1}",
      journal = {\aj},
     keywords = {Galaxy: Open Clusters and Associations: General, open clusters and associations: individual (Berkeley 29), open clusters and associations: individual (Saurer 1), Astrophysics},
         year = 2004,
        month = oct,
       volume = {128},
       number = {4},
        pages = {1676-1683},
          doi = {10.1086/423912},
archivePrefix = {arXiv},
       eprint = {astro-ph/0406679},
 primaryClass = {astro-ph},
       adsurl = {https://ui.adsabs.harvard.edu/abs/2004AJ....128.1676C},
      adsnote = {Provided by the SAO/NASA Astrophysics Data System}
}

@ARTICLE{Carraro_2005_neglected,
       author = {{Carraro}, Giovanni and {Janes}, Kenneth A. and {Eastman}, Jason D.},
        title = "{Photometry of neglected open clusters in the first and fourth Galactic quadrants}",
      journal = {\mnras},
     keywords = {open clusters and associations: general, open clusters and associations: individual: AL 1, open clusters and associations: individual: Berkeley 80, open clusters and associations: individual: NGC 5764, open clusters and associations: Czernik 37, Astrophysics},
         year = 2005,
        month = nov,
       volume = {364},
       number = {1},
        pages = {179-186},
          doi = {10.1111/j.1365-2966.2005.09551.x},
archivePrefix = {arXiv},
       eprint = {astro-ph/0508550},
 primaryClass = {astro-ph},
       adsurl = {https://ui.adsabs.harvard.edu/abs/2005MNRAS.364..179C},
      adsnote = {Provided by the SAO/NASA Astrophysics Data System}
}

@ARTICLE{Carraro_2005_detection,
       author = {{Carraro}, Giovanni and {V{\'a}zquez}, Ruben A. and {Moitinho}, Andr{\'e} and {Baume}, Gustavo},
        title = "{Detection of a Young Stellar Population in the Background of Open Clusters in the Third Galactic Quadrant}",
      journal = {\apjl},
     keywords = {Galaxy: Structure, Stars: Hertzsprung-Russell Diagram, Galaxy: Open Clusters and Associations: General, Stars: General, Astrophysics},
         year = 2005,
        month = sep,
       volume = {630},
       number = {2},
        pages = {L153-L156},
          doi = {10.1086/491787},
archivePrefix = {arXiv},
       eprint = {astro-ph/0508088},
 primaryClass = {astro-ph},
       adsurl = {https://ui.adsabs.harvard.edu/abs/2005ApJ...630L.153C},
      adsnote = {Provided by the SAO/NASA Astrophysics Data System}
}

@ARTICLE{Carraro_2005,
       author = {{Carraro}, G. and {Geisler}, D. and {Moitinho}, A. and {Baume}, G. and {V{\'a}zquez}, R.~A.},
        title = "{A photometric study of the old open clusters Berkeley 73, Berkeley 75 and Berkeley 25}",
      journal = {\aap},
     keywords = {open clusters and associations: individual:, Berkeley 73, Berkeley 75, Berkeley 25, open clusters and associations: general, Hertzprung-Russell (HR) and C-M diagrams, Astrophysics},
         year = 2005,
        month = nov,
       volume = {442},
       number = {3},
        pages = {917-924},
          doi = {10.1051/0004-6361:20053089},
archivePrefix = {arXiv},
       eprint = {astro-ph/0506596},
 primaryClass = {astro-ph},
       adsurl = {https://ui.adsabs.harvard.edu/abs/2005A&A...442..917C},
      adsnote = {Provided by the SAO/NASA Astrophysics Data System}
}

@ARTICLE{Carraro_2006,
       author = {{Carraro}, Giovanni and {Subramaniam}, Annapurni and {Janes}, Kenneth A.},
        title = "{Fundamental parameters of six neglected old open clusters}",
      journal = {\mnras},
         year = 2006,
        month = sep,
       volume = {371},
       number = {3},
        pages = {1301-1310},
          doi = {10.1111/j.1365-2966.2006.10743.x},
archivePrefix = {arXiv},
       eprint = {astro-ph/0606701},
 primaryClass = {astro-ph},
       adsurl = {https://ui.adsabs.harvard.edu/abs/2006MNRAS.371.1301C},
      adsnote = {Provided by the SAO/NASA Astrophysics Data System}
}

@ARTICLE{Carraro_2007,
       author = {{Carraro}, G. and {Costa}, E.},
        title = "{Photometry of the five marginally studied open clusters Collinder 74, Berkeley 27, Haffner 8, NGC 2509, and VdB-Hagen 4}",
      journal = {\aap},
     keywords = {open clusters and associations: general, stars: Hertzsprung-Russell (HR) and C-M diagrams, Astrophysics},
         year = 2007,
        month = mar,
       volume = {464},
       number = {2},
        pages = {573-580},
          doi = {10.1051/0004-6361:20066350},
archivePrefix = {arXiv},
       eprint = {astro-ph/0611705},
 primaryClass = {astro-ph},
       adsurl = {https://ui.adsabs.harvard.edu/abs/2007A&A...464..573C},
      adsnote = {Provided by the SAO/NASA Astrophysics Data System}
}

@ARTICLE{Carraro_2007_oldOC,
       author = {{Carraro}, G. and {Geisler}, D. and {Villanova}, S. and {Frinchaboy}, P.~M. and {Majewski}, S.~R.},
        title = "{Old open clusters in the outer Galactic disk}",
      journal = {\aap},
     keywords = {open clusters and associations:, general, stars: fundamental parameters, Galaxy: disk, Galaxy: evolution, Galaxy: structure, Astrophysics},
         year = 2007,
        month = dec,
       volume = {476},
       number = {1},
        pages = {217-227},
          doi = {10.1051/0004-6361:20078113},
archivePrefix = {arXiv},
       eprint = {0709.2126},
 primaryClass = {astro-ph},
       adsurl = {https://ui.adsabs.harvard.edu/abs/2007A&A...476..217C},
      adsnote = {Provided by the SAO/NASA Astrophysics Data System}
}

@ARTICLE{Carraro_2009,
       author = {{Carraro}, G. and {Costa}, E.},
        title = "{Searching for spiral features in the outer Galactic disk. The field towards WR38 and WR38a}",
      journal = {\aap},
     keywords = {Galaxy: general, Galaxy: structure, Galaxy: stellar content, Astrophysics},
         year = 2009,
        month = jan,
       volume = {493},
       number = {1},
        pages = {71-78},
          doi = {10.1051/0004-6361:200810800},
archivePrefix = {arXiv},
       eprint = {0810.2007},
 primaryClass = {astro-ph},
       adsurl = {https://ui.adsabs.harvard.edu/abs/2009A&A...493...71C},
      adsnote = {Provided by the SAO/NASA Astrophysics Data System}
}

@ARTICLE{Carraro_2010,
       author = {{Carraro}, Giovanni and {V{\'a}zquez}, Ruben A. and {Costa}, Edgardo and {Perren}, Gabriel and {Moitinho}, Andr{\'e}},
        title = "{The Edge of the Young Galactic Disk}",
      journal = {\apj},
     keywords = {Galaxy: disk, Galaxy: structure, open clusters and associations: general, Astrophysics - Astrophysics of Galaxies},
         year = 2010,
        month = aug,
       volume = {718},
       number = {2},
        pages = {683-694},
          doi = {10.1088/0004-637X/718/2/683},
archivePrefix = {arXiv},
       eprint = {1006.1277},
 primaryClass = {astro-ph.GA},
       adsurl = {https://ui.adsabs.harvard.edu/abs/2010ApJ...718..683C},
      adsnote = {Provided by the SAO/NASA Astrophysics Data System}
}

@ARTICLE{Carraro_2013_Five,
       author = {{Carraro}, Giovanni and {Beletsky}, Yuri and {Marconi}, Gianni},
        title = "{Five old open clusters more in the outer Galactic disc}",
      journal = {\mnras},
     keywords = {open clusters and associations: general, open clusters and associations: individual: Berkeley 76, Haffner 4, Ruprecht 10, Haffner 7, Haffner 11, Haffner 15, Astrophysics - Astrophysics of Galaxies},
         year = 2013,
        month = jan,
       volume = {428},
       number = {1},
        pages = {502-517},
          doi = {10.1093/mnras/sts038},
archivePrefix = {arXiv},
       eprint = {1209.4942},
 primaryClass = {astro-ph.GA},
       adsurl = {https://ui.adsabs.harvard.edu/abs/2013MNRAS.428..502C},
      adsnote = {Provided by the SAO/NASA Astrophysics Data System}
}

@article{carraro_2013,
    title={The Milky Way thin disk structure as revealed by stars and young open clusters},
    volume={9},
    DOI={10.1017/S1743921313006157},
    number={S298},
    journal={Proceedings of the International Astronomical Union},
    publisher={Cambridge University Press},
    author={Carraro, Giovanni},
    year={2013},
    pages={7–16}
}

@ARTICLE{Davoust_2011,
       author = {{Davoust}, E. and {Sharina}, M.~E. and {Donzelli}, C.~J.},
        title = "{The globular cluster BH 176 revisited}",
      journal = {\aap},
     keywords = {globular clusters: individual: BH 176, Hertzsprung-Russell and C-M diagrams},
         year = 2011,
        month = apr,
       volume = {528},
          eid = {A70},
        pages = {A70},
          doi = {10.1051/0004-6361/201015514},
       adsurl = {https://ui.adsabs.harvard.edu/abs/2011A&A...528A..70D},
      adsnote = {Provided by the SAO/NASA Astrophysics Data System}
}

@ARTICLE{Dias_2002,
       author = {{Dias}, W.~S. and {Alessi}, B.~S. and {Moitinho}, A. and {L{\'e}pine}, J.~R.~D.},
        title = "{New catalogue of optically visible open clusters and candidates}",
      journal = {\aap},
     keywords = {galaxy: open clusters and associations: general, catalogs, Astrophysics},
         year = 2002,
        month = jul,
       volume = {389},
        pages = {871-873},
          doi = {10.1051/0004-6361:20020668},
archivePrefix = {arXiv},
       eprint = {astro-ph/0203351},
 primaryClass = {astro-ph},
       adsurl = {https://ui.adsabs.harvard.edu/abs/2002A&A...389..871D},
      adsnote = {Provided by the SAO/NASA Astrophysics Data System}
}

@ARTICLE{Dias_2007,
       author = {{Dias}, W.~S. and {Alessi}, B.~S. and {Moitinho}, A. and {Lepine}, J.~R.~D.},
        title = "{VizieR Online Data Catalog: Optically visible open clusters and Candidates (Dias+ 2002-2007)}",
      journal = {VizieR Online Data Catalog},
     keywords = {Clusters: open, Proper motions, Radial velocities, Abundances: [Fe/H]},
         year = 2007,
        month = sep,
          eid = {B/ocl},
        pages = {B/ocl},
       adsurl = {https://ui.adsabs.harvard.edu/abs/2007yCat....102022D},
      adsnote = {Provided by the SAO/NASA Astrophysics Data System}
}

@ARTICLE{Dias_2021,
       author = {{Dias}, W.~S. and {Monteiro}, H. and {Moitinho}, A. and {L{\'e}pine}, J.~R.~D. and {Carraro}, G. and {Paunzen}, E. and {Alessi}, B. and {Villela}, L.},
        title = "{Updated parameters of 1743 open clusters based on Gaia DR2}",
      journal = {\mnras},
     keywords = {open clusters and associations: general, Astrophysics - Solar and Stellar Astrophysics, Astrophysics - Astrophysics of Galaxies},
         year = 2021,
        month = jun,
       volume = {504},
       number = {1},
        pages = {356-371},
          doi = {10.1093/mnras/stab770},
archivePrefix = {arXiv},
       eprint = {2103.12829},
 primaryClass = {astro-ph.SR},
       adsurl = {https://ui.adsabs.harvard.edu/abs/2021MNRAS.504..356D},
      adsnote = {Provided by the SAO/NASA Astrophysics Data System}
}

@ARTICLE{Donor_2018,
       author = {{Donor}, John and {Frinchaboy}, Peter M. and {Cunha}, Katia and {Thompson}, Benjamin and {O'Connell}, Julia and {Zasowski}, Gail and {Jackson}, Kelly M. and {Meyer McGrath}, Brianne and {Almeida}, Andr{\'e}s and {Bizyaev}, Dmitry and {Carrera}, Ricardo and {Garc{\'\i}a-Hern{\'a}ndez}, D.~A. and {Nitschelm}, Christian and {Pan}, Kaike and {Zamora}, Olga},
        title = "{The Open Cluster Chemical Abundances and Mapping Survey. II. Precision Cluster Abundances for APOGEE Using SDSS DR14}",
      journal = {\aj},
     keywords = {Galaxy: abundances, Galaxy: disk, Galaxy: evolution, open clusters and associations: general, Astrophysics - Astrophysics of Galaxies},
         year = 2018,
        month = oct,
       volume = {156},
       number = {4},
          eid = {142},
        pages = {142},
          doi = {10.3847/1538-3881/aad635},
archivePrefix = {arXiv},
       eprint = {1807.09791},
 primaryClass = {astro-ph.GA},
       adsurl = {https://ui.adsabs.harvard.edu/abs/2018AJ....156..142D},
      adsnote = {Provided by the SAO/NASA Astrophysics Data System}
}

@ARTICLE{Donor_2020,
       author = {{Donor}, John and {Frinchaboy}, Peter M. and {Cunha}, Katia and {O'Connell}, Julia E. and {Allende Prieto}, Carlos and {Almeida}, Andr{\'e}s and {Anders}, Friedrich and {Beaton}, Rachael and {Bizyaev}, Dmitry and {Brownstein}, Joel R. and {Carrera}, Ricardo and {Chiappini}, Cristina and {Cohen}, Roger and {Garc{\'\i}a-Hern{\'a}ndez}, D.~A. and {Geisler}, Doug and {Hasselquist}, Sten and {J{\"o}nsson}, Henrik and {Lane}, Richard R. and {Majewski}, Steven R. and {Minniti}, Dante and {Bidin}, Christian Moni and {Pan}, Kaike and {Roman-Lopes}, Alexandre and {Sobeck}, Jennifer S. and {Zasowski}, Gail},
        title = "{The Open Cluster Chemical Abundances and Mapping Survey. IV. Abundances for 128 Open Clusters Using SDSS/APOGEE DR16}",
      journal = {\aj},
     keywords = {1160, 2002, 1052, 224, Astrophysics - Astrophysics of Galaxies},
         year = 2020,
        month = may,
       volume = {159},
       number = {5},
          eid = {199},
        pages = {199},
          doi = {10.3847/1538-3881/ab77bc},
archivePrefix = {arXiv},
       eprint = {2002.08980},
 primaryClass = {astro-ph.GA},
       adsurl = {https://ui.adsabs.harvard.edu/abs/2020AJ....159..199D},
      adsnote = {Provided by the SAO/NASA Astrophysics Data System}
}

@ARTICLE{Fitzgerald_1968,
       author = {{Fitzgerald}, M. Pini},
        title = "{The Distribution of Interstellar Reddening Material}",
      journal = {\aj},
         year = 1968,
        month = dec,
       volume = {73},
        pages = {983},
          doi = {10.1086/110757},
       adsurl = {https://ui.adsabs.harvard.edu/abs/1968AJ.....73..983F},
      adsnote = {Provided by the SAO/NASA Astrophysics Data System}
}

@ARTICLE{Fragkou_2019,
       author = {{Fragkou}, V. and {Parker}, Q.~A. and {Zijlstra}, A. and {Shaw}, R. and {Lykou}, F.},
        title = "{The central star of planetary nebula PHR 1315 - 6555 and its host Galactic open cluster AL 1}",
      journal = {\mnras},
     keywords = {planetary nebulae: individual: PHR 1315 - 6565, Andrews-Lindsay 1, Astrophysics - Solar and Stellar Astrophysics, Astrophysics - Astrophysics of Galaxies},
         year = 2019,
        month = apr,
       volume = {484},
       number = {3},
        pages = {3078-3092},
          doi = {10.1093/mnras/stz108},
archivePrefix = {arXiv},
       eprint = {1901.04174},
 primaryClass = {astro-ph.SR},
       adsurl = {https://ui.adsabs.harvard.edu/abs/2019MNRAS.484.3078F},
      adsnote = {Provided by the SAO/NASA Astrophysics Data System}
}

@ARTICLE{Friel1995,
       author = {{Friel}, E.~D.},
        title = "{The Old Open Clusters Of The Milky Way}",
      journal = {\araa},
         year = 1995,
        month = jan,
       volume = {33},
        pages = {381-414},
          doi = {10.1146/annurev.aa.33.090195.002121},
       adsurl = {https://ui.adsabs.harvard.edu/abs/1995ARA&A..33..381F},
      adsnote = {Provided by the SAO/NASA Astrophysics Data System}
}

@ARTICLE{Frinchaboy_2002,
       author = {{Frinchaboy}, Peter M. and {Phelps}, Randy L.},
        title = "{A Search for Candidate Old Open Clusters: Preliminary Photometry of the Saurer et al. Clusters}",
      journal = {\aj},
     keywords = {Galaxy: Fundamental Parameters, Galaxy: Structure, Galaxy: Open Clusters and Associations: General},
         year = 2002,
        month = may,
       volume = {123},
       number = {5},
        pages = {2552-2558},
          doi = {10.1086/339970},
       adsurl = {https://ui.adsabs.harvard.edu/abs/2002AJ....123.2552F},
      adsnote = {Provided by the SAO/NASA Astrophysics Data System}
}

@ARTICLE{Frinchaboy_2004,
       author = {{Frinchaboy}, Peter M. and {Munoz}, Ricardo R. and {Majewski}, Steven R. and {Friel}, Eileen D. and {Phelps}, Randy L. and {Kunkel}, William B.},
        title = "{Star Clusters in the Galactic Anticenter Stellar Structure: New Radial Velocities \& Metallicities}",
      journal = {arXiv e-prints},
     keywords = {Astrophysics},
         year = 2004,
        month = nov,
          eid = {astro-ph/0411127},
        pages = {astro-ph/0411127},
archivePrefix = {arXiv},
       eprint = {astro-ph/0411127},
 primaryClass = {astro-ph},
       adsurl = {https://ui.adsabs.harvard.edu/abs/2004astro.ph.11127F},
      adsnote = {Provided by the SAO/NASA Astrophysics Data System}
}

@ARTICLE{Frinchaboy_2004b,
       author = {{Frinchaboy}, Peter M. and {Majewski}, Steven R. and {Crane}, Jeffrey D. and {Reid}, I. Neill and {Rocha-Pinto}, Helio J. and {Phelps}, Randy L. and {Patterson}, Richard J. and {Mu{\~n}oz}, Ricardo R.},
        title = "{Star Clusters in the Galactic Anticenter Stellar Structure and the Origin of Outer Old Open Clusters}",
      journal = {\apjl},
     keywords = {Galaxies: Interactions, Galaxy: Disk, Galaxy: Structure, Galaxy: Globular Clusters: General, Galaxy: Open Clusters and Associations: General, Astrophysics},
         year = 2004,
        month = feb,
       volume = {602},
       number = {1},
        pages = {L21-L24},
          doi = {10.1086/382504},
archivePrefix = {arXiv},
       eprint = {astro-ph/0311101},
 primaryClass = {astro-ph},
       adsurl = {https://ui.adsabs.harvard.edu/abs/2004ApJ...602L..21F},
      adsnote = {Provided by the SAO/NASA Astrophysics Data System}
}

@ARTICLE{Frinchaboy_2006,
       author = {{Frinchaboy}, Peter M. and {Mu{\~n}oz}, Ricardo R. and {Phelps}, Randy L. and {Majewski}, Steven R. and {Kunkel}, William E.},
        title = "{Photometry and Spectroscopy of Old, Outer Disk Star Clusters: vdB-Hagen 176, Berkeley 29, and Saurer 1}",
      journal = {\aj},
         year = 2006,
        month = feb,
       volume = {131},
       number = {2},
        pages = {922-938},
          doi = {10.1086/498416},
archivePrefix = {arXiv},
       eprint = {astro-ph/0509742},
 primaryClass = {astro-ph},
       adsurl = {https://ui.adsabs.harvard.edu/abs/2006AJ....131..922F},
      adsnote = {Provided by the SAO/NASA Astrophysics Data System}
}

@ARTICLE{Frinchaboy_2008,
       author = {{Frinchaboy}, P.~M. and {Marino}, A.~F. and {Villanova}, S. and {Carraro}, G. and {Majewski}, S.~R. and {Geisler}, D.},
        title = "{Tombaugh 2: the first open cluster with a significant abundance spread or embedded in a cold stellar stream?}",
      journal = {\mnras},
     keywords = {Galaxy: disc, Galaxy: fundamental parameters, open clusters and associations: general, open clusters and associations: individual: Tombaugh 2, Galaxy: structure, Astrophysics},
         year = 2008,
        month = nov,
       volume = {391},
       number = {1},
        pages = {39-51},
          doi = {10.1111/j.1365-2966.2008.13875.x},
archivePrefix = {arXiv},
       eprint = {0809.2559},
 primaryClass = {astro-ph},
       adsurl = {https://ui.adsabs.harvard.edu/abs/2008MNRAS.391...39F},
      adsnote = {Provided by the SAO/NASA Astrophysics Data System}
}
@ARTICLE{Froebrich_2007,
       author = {{Froebrich}, D. and {Scholz}, A. and {Raftery}, C.~L.},
        title = "{A systematic survey for infrared star clusters with |b| <20{\textdegree} using 2MASS}",
      journal = {\mnras},
     keywords = {methods: statistical, globular clusters: general, open clusters and associations: general, Astrophysics},
         year = 2007,
        month = jan,
       volume = {374},
       number = {2},
        pages = {399-408},
          doi = {10.1111/j.1365-2966.2006.11148.x},
archivePrefix = {arXiv},
       eprint = {astro-ph/0610146},
 primaryClass = {astro-ph},
       adsurl = {https://ui.adsabs.harvard.edu/abs/2007MNRAS.374..399F},
      adsnote = {Provided by the SAO/NASA Astrophysics Data System}
}

@ARTICLE{Froebrich_2010,
       author = {{Froebrich}, D. and {Schmeja}, S. and {Samuel}, D. and {Lucas}, P.~W.},
        title = "{Old star clusters in the FSR catalogue}",
      journal = {\mnras},
     keywords = {globular clusters: general, open clusters and associations: general, Astrophysics - Astrophysics of Galaxies},
         year = 2010,
        month = dec,
       volume = {409},
       number = {3},
        pages = {1281-1288},
          doi = {10.1111/j.1365-2966.2010.17390.x},
archivePrefix = {arXiv},
       eprint = {1007.3410},
 primaryClass = {astro-ph.GA},
       adsurl = {https://ui.adsabs.harvard.edu/abs/2010MNRAS.409.1281F},
      adsnote = {Provided by the SAO/NASA Astrophysics Data System}
}

@ARTICLE{Gaia_2016,
       author = {{Gaia Collaboration} and {Prusti}, T. and {de Bruijne}, J.~H.~J. and {Brown}, A.~G.~A. and {Vallenari}, A. and {Babusiaux}},
        title = "{The Gaia mission}",
      journal = {\aap},
     keywords = {space vehicles: instruments, Galaxy: structure, astrometry, parallaxes, proper motions, telescopes, Astrophysics - Instrumentation and Methods for Astrophysics},
         year = 2016,
        month = nov,
       volume = {595},
          eid = {A1},
        pages = {A1},
          doi = {10.1051/0004-6361/201629272},
archivePrefix = {arXiv},
       eprint = {1609.04153},
 primaryClass = {astro-ph.IM},
       adsurl = {https://ui.adsabs.harvard.edu/abs/2016A&A...595A...1G},
      adsnote = {Provided by the SAO/NASA Astrophysics Data System}
}

@ARTICLE{Gaia_EDR3,
       author = {{Gaia Collaboration} and {Brown}, A.~G.~A. and {Vallenari}, A. and {Prusti}, T. and {de Bruijne}, J.~H.~J. and {Babusiaux}},
        title = "{Gaia Early Data Release 3. Summary of the contents and survey properties}",
      journal = {\aap},
     keywords = {catalogs, astrometry, parallaxes, proper motions, techniques: photometric, techniques: radial velocities, Astrophysics - Astrophysics of Galaxies},
         year = 2021,
        month = may,
       volume = {649},
          eid = {A1},
        pages = {A1},
          doi = {10.1051/0004-6361/202039657},
archivePrefix = {arXiv},
       eprint = {2012.01533},
 primaryClass = {astro-ph.GA},
       adsurl = {https://ui.adsabs.harvard.edu/abs/2021A&A...649A...1G},
      adsnote = {Provided by the SAO/NASA Astrophysics Data System}
}

@ARTICLE{Gregorio_2015,
       author = {{Gregorio-Hetem}, J. and {Hetem}, A. and {Santos-Silva}, T. and {Fernandes}, B.},
        title = "{Statistical fractal analysis of 25 young star clusters}",
      journal = {\mnras},
     keywords = {stars: pre-main sequence, ISM: clouds, open clusters and associations: general, Astrophysics - Solar and Stellar Astrophysics},
         year = 2015,
        month = apr,
       volume = {448},
       number = {3},
        pages = {2504-2513},
          doi = {10.1093/mnras/stv111},
archivePrefix = {arXiv},
       eprint = {1501.04230},
 primaryClass = {astro-ph.SR},
       adsurl = {https://ui.adsabs.harvard.edu/abs/2015MNRAS.448.2504G},
      adsnote = {Provided by the SAO/NASA Astrophysics Data System}
}

@ARTICLE{Hasegawa_2008,
       author = {{Hasegawa}, Takashi and {Sakamoto}, Tsuyoshi and {Malasan}, Hakim Luthfi},
        title = "{New Photometric Data of Old Open Clusters II. A Dataset for 36 Clusters}",
      journal = {\pasj},
     keywords = {Galaxy: evolution, Galaxy: open clusters and associations: general, Galaxy: open clusters and associations: HR diagram, Galaxy: structure},
         year = 2008,
        month = dec,
       volume = {60},
        pages = {1267},
          doi = {10.1093/pasj/60.6.1267},
       adsurl = {https://ui.adsabs.harvard.edu/abs/2008PASJ...60.1267H},
      adsnote = {Provided by the SAO/NASA Astrophysics Data System}
}

@ARTICLE{Hayes_2015,
       author = {{Hayes}, Christian R. and {Friel}, Eileen D. and {Slack}, Taleah J. and {Boberg}, Owen M.},
        title = "{Properties of the Old Open Cluster Czernik 30}",
      journal = {\aj},
     keywords = {open clusters and associations: individual: Cz 30},
         year = 2015,
        month = dec,
       volume = {150},
       number = {6},
          eid = {200},
        pages = {200},
          doi = {10.1088/0004-6256/150/6/200},
       adsurl = {https://ui.adsabs.harvard.edu/abs/2015AJ....150..200H},
      adsnote = {Provided by the SAO/NASA Astrophysics Data System}
}

@ARTICLE{Harris_1996,
       author = {{Harris}, William E.},
        title = "{A Catalog of Parameters for Globular Clusters in the Milky Way}",
      journal = {\aj},
     keywords = {GLOBULAR CLUSTERS: GENERAL, CATALOGS},
         year = 1996,
        month = oct,
       volume = {112},
        pages = {1487},
          doi = {10.1086/118116},
       adsurl = {https://ui.adsabs.harvard.edu/abs/1996AJ....112.1487H},
      adsnote = {Provided by the SAO/NASA Astrophysics Data System}
}

@ARTICLE{Harris_2010,
       author = {{Harris}, William E.},
        title = "{A New Catalog of Globular Clusters in the Milky Way}",
      journal = {arXiv e-prints},
     keywords = {Astrophysics - Galaxy Astrophysics},
         year = 2010,
        month = dec,
          eid = {arXiv:1012.3224},
        pages = {arXiv:1012.3224},
archivePrefix = {arXiv},
       eprint = {1012.3224},
 primaryClass = {astro-ph.GA},
       adsurl = {https://ui.adsabs.harvard.edu/abs/2010arXiv1012.3224H},
      adsnote = {Provided by the SAO/NASA Astrophysics Data System}
}

@ARTICLE{Janes_1979,
       author = {{Janes}, K.~A.},
        title = "{Evidence for an abundance gradient in the galactic disk.}",
      journal = {\apjs},
     keywords = {Abundance, Giant Stars, Heavy Elements, Milky Way Galaxy, Stellar Spectrophotometry, Ubv Spectra, Astronomical Maps, Chronology, Interstellar Extinction, K Stars, Open Clusters, Stellar Evolution, Tables (Data), Astronomy, DDO Photometry:Galactic Disk, Galactic Disk:UBV Photometry},
         year = 1979,
        month = feb,
       volume = {39},
        pages = {135-156},
          doi = {10.1086/190568},
       adsurl = {https://ui.adsabs.harvard.edu/abs/1979ApJS...39..135J},
      adsnote = {Provided by the SAO/NASA Astrophysics Data System}
}

@ARTICLE{Janes_1994,
       author = {{Janes}, K.~A. and {Phelps}, R.~L.},
        title = "{The Galactic System of Old Star Clusters: The Development of the Galactic Disk}",
      journal = {\aj},
     keywords = {Accretion Disks, Astronomical Models, Cosmology, Galactic Evolution, Galactic Halos, Galactic Structure, Globular Clusters, Horizontal Branch Stars, Main Sequence Stars, Star Clusters, Star Formation, Stellar Luminosity, Astronomical Photometry, Color-Magnitude Diagram, Metallicity, Stellar Color, Astronomy, GALAXY: STELLAR CONTENT, GALAXY: EVOLUTION},
         year = 1994,
        month = nov,
       volume = {108},
        pages = {1773},
          doi = {10.1086/117192},
       adsurl = {https://ui.adsabs.harvard.edu/abs/1994AJ....108.1773J},
      adsnote = {Provided by the SAO/NASA Astrophysics Data System}
}

@ARTICLE{Janes_2011,
       author = {{Janes}, Kenneth A. and {Hoq}, Sadia},
        title = "{A Quantitative Analysis of Distant Open Clusters}",
      journal = {\aj},
     keywords = {Hertzsprung-Russell and C-M diagrams, open clusters and associations: general, open clusters and associations: individual: Berkeley 19 Berkeley 44 King 25 NGC 6802 NGC 6827 Berkeley 52 Berkeley 56 NGC 7142 NGC 7245 King 9, techniques: photometric},
         year = 2011,
        month = mar,
       volume = {141},
       number = {3},
          eid = {92},
        pages = {92},
          doi = {10.1088/0004-6256/141/3/92},
       adsurl = {https://ui.adsabs.harvard.edu/abs/2011AJ....141...92J},
      adsnote = {Provided by the SAO/NASA Astrophysics Data System}
}

@ARTICLE{Kharchenko_2012,
       author = {{Kharchenko}, N.~V. and {Piskunov}, A.~E. and {Schilbach}, E. and {R{\"o}ser}, S. and {Scholz}, R. -D.},
        title = "{Global survey of star clusters in the Milky Way. I. The pipeline and fundamental parameters in the second quadrant}",
      journal = {\aap},
     keywords = {globular clusters: general, open clusters and associations: general, catalogs, Astrophysics - Astrophysics of Galaxies},
         year = 2012,
        month = jul,
       volume = {543},
          eid = {A156},
        pages = {A156},
          doi = {10.1051/0004-6361/201118708},
archivePrefix = {arXiv},
       eprint = {1207.4001},
 primaryClass = {astro-ph.GA},
       adsurl = {https://ui.adsabs.harvard.edu/abs/2012A&A...543A.156K},
      adsnote = {Provided by the SAO/NASA Astrophysics Data System}
}

@ARTICLE{King_1962,
       author = {{King}, Ivan},
        title = "{The structure of star clusters. I. an empirical density law}",
      journal = {\aj},
         year = 1962,
        month = oct,
       volume = {67},
        pages = {471},
          doi = {10.1086/108756},
       adsurl = {https://ui.adsabs.harvard.edu/abs/1962AJ.....67..471K},
      adsnote = {Provided by the SAO/NASA Astrophysics Data System}
}

@ARTICLE{King_1964,
       author = {{King}, I.~R.},
        title = "{A list of clusters that may be old.}",
      journal = {Royal Greenwich Observatory Bulletins},
         year = 1964,
        month = jan,
       volume = {82},
        pages = {106-108},
       adsurl = {https://ui.adsabs.harvard.edu/abs/1964RGOB...82..106K},
      adsnote = {Provided by the SAO/NASA Astrophysics Data System}
}

@ARTICLE{Knuth_2006,
       author = {{Knuth}, Kevin H.},
        title = "{Optimal Data-Based Binning for Histograms}",
      journal = {arXiv e-prints},
     keywords = {Physics - Data Analysis, Statistics and Probability, Mathematics - Probability, Mathematics - Statistics Theory, Physics - Computational Physics},
         year = 2006,
        month = may,
          eid = {physics/0605197},
        pages = {physics/0605197},
archivePrefix = {arXiv},
       eprint = {physics/0605197},
 primaryClass = {physics.data-an},
       adsurl = {https://ui.adsabs.harvard.edu/abs/2006physics...5197K},
      adsnote = {Provided by the SAO/NASA Astrophysics Data System}
}

@ARTICLE{Kronberger_2006,
       author = {{Kronberger}, M. and {Teutsch}, P. and {Alessi}, B. and {Steine}, M. and {Ferrero}, L. and {Graczewski}, K. and {Juchert}, M. and {Patchick}, D. and {Riddle}, D. and {Saloranta}, J. and {Schoenball}, M. and {Watson}, C.},
        title = "{New galactic open cluster candidates from DSS and 2MASS imagery}",
      journal = {\aap},
     keywords = {Galaxy: open clusters and associations: general, HII regions, reflection nebulae, planetary nebulae: general, General Relativity and Quantum Cosmology, Astrophysics},
         year = 2006,
        month = mar,
       volume = {447},
       number = {3},
        pages = {921-928},
          doi = {10.1051/0004-6361:20054057},
archivePrefix = {arXiv},
       eprint = {gr-qc/0511021},
 primaryClass = {gr-qc},
       adsurl = {https://ui.adsabs.harvard.edu/abs/2006A&A...447..921K},
      adsnote = {Provided by the SAO/NASA Astrophysics Data System}
}

@ARTICLE{Kubiak_1991,
       author = {{Kubiak}, M.},
        title = "{Color-magnitude diagrams of the open cluster 092-SC18 and the globular cluster Ruprecht 106.}",
      journal = {\actaa},
     keywords = {Color-Magnitude Diagram, Globular Clusters, Open Clusters, Red Giant Stars, Blue Stars, Galactic Clusters, Astrophysics},
         year = 1991,
        month = jan,
       volume = {41},
        pages = {231-236},
       adsurl = {https://ui.adsabs.harvard.edu/abs/1991AcA....41..231K},
      adsnote = {Provided by the SAO/NASA Astrophysics Data System}
}

@ARTICLE{Kubiak_1992,
       author = {{Kubiak}, M. and {Kaluzny}, J. and {Krzeminski}, W. and {Mateo}, Mario},
        title = "{Variable Stars in the Old Open Cluster Tombaugh 2}",
      journal = {\actaa},
     keywords = {Color-Magnitude Diagram, Open Clusters, Star Distribution, Variable Stars, Milky Way Galaxy, Stellar Spectrophotometry, Astrophysics},
         year = 1992,
        month = jul,
       volume = {42},
        pages = {155-175},
       adsurl = {https://ui.adsabs.harvard.edu/abs/1992AcA....42..155K},
      adsnote = {Provided by the SAO/NASA Astrophysics Data System}
}

@ARTICLE{Krone2014,
       author = {{Krone-Martins}, A. and {Moitinho}, A.},
        title = "{UPMASK: unsupervised photometric membership assignment in stellar clusters}",
      journal = {\aap},
     keywords = {open clusters and associations: general, open clusters and associations: individual: Haner 10, methods: data analysis, methods: statistical, open clusters and associations: individual: Haner 16, open clusters and associations: individual: Czernik 29, Astrophysics - Instrumentation and Methods for Astrophysics, Astrophysics - Astrophysics of Galaxies},
         year = 2014,
        month = jan,
       volume = {561},
          eid = {A57},
        pages = {A57},
          doi = {10.1051/0004-6361/201321143},
archivePrefix = {arXiv},
       eprint = {1309.4471},
 primaryClass = {astro-ph.IM},
       adsurl = {https://ui.adsabs.harvard.edu/abs/2014A&A...561A..57K},
      adsnote = {Provided by the SAO/NASA Astrophysics Data System}
}

@ARTICLE{Lada2003,
       author = {{Lada}, Charles J. and {Lada}, Elizabeth A.},
        title = "{Embedded Clusters in Molecular Clouds}",
      journal = {\araa},
     keywords = {Astrophysics},
         year = 2003,
        month = jan,
       volume = {41},
        pages = {57-115},
          doi = {10.1146/annurev.astro.41.011802.094844},
archivePrefix = {arXiv},
       eprint = {astro-ph/0301540},
 primaryClass = {astro-ph},
       adsurl = {https://ui.adsabs.harvard.edu/abs/2003ARA&A..41...57L},
      adsnote = {Provided by the SAO/NASA Astrophysics Data System}
}

@ARTICLE{Lee_1997,
       author = {{Lee}, Myung Gyoon},
        title = "{UBVI CCD Photometry of the Remote Old Open Cluster AM-2}",
      journal = {\aj},
         year = 1997,
        month = feb,
       volume = {113},
        pages = {729-739},
          doi = {10.1086/118292},
       adsurl = {https://ui.adsabs.harvard.edu/abs/1997AJ....113..729L},
      adsnote = {Provided by the SAO/NASA Astrophysics Data System}
}

@ARTICLE{Lindegren_2021,
       author = {{Lindegren}, L. and {Bastian}, U. and {Biermann}, M. and {Bombrun}, A. and {de Torres}, A. and {Gerlach}, E. and {Geyer}, R. and {Hern{\'a}ndez}, J. and {Hilger}, T. and {Hobbs}, D. and {Klioner}, S.~A. and {Lammers}, U. and {McMillan}, P.~J. and {Ramos-Lerate}, M. and {Steidelm{\"u}ller}, H. and {Stephenson}, C.~A. and {van Leeuwen}, F.},
        title = "{Gaia Early Data Release 3. Parallax bias versus magnitude, colour, and position}",
      journal = {\aap},
     keywords = {astrometry, parallaxes, methods: data analysis, space vehicles: instruments, stars: distances, Astrophysics - Instrumentation and Methods for Astrophysics},
         year = 2021,
        month = may,
       volume = {649},
          eid = {A4},
        pages = {A4},
          doi = {10.1051/0004-6361/202039653},
archivePrefix = {arXiv},
       eprint = {2012.01742},
 primaryClass = {astro-ph.IM},
       adsurl = {https://ui.adsabs.harvard.edu/abs/2021A&A...649A...4L},
      adsnote = {Provided by the SAO/NASA Astrophysics Data System}
}

@ARTICLE{Liu_2017,
       author = {{Liu}, Chao and {Xu}, Yan and {Wan}, Jun-Chen and {Wang}, Hai-Feng and {Carlin}, Jeffrey L. and {Deng}, Li-Cai and {Newberg}, Heidi Jo and {Cao}, Zi-Huang and {Hou}, Yong-Hui and {Wang}, Yue-Fei and {Zhang}, Yong},
        title = "{Mapping the Milky Way with LAMOST I: method and overview}",
      journal = {Research in Astronomy and Astrophysics},
     keywords = {Astrophysics - Astrophysics of Galaxies},
         year = 2017,
        month = sep,
       volume = {17},
       number = {9},
          eid = {096},
        pages = {096},
          doi = {10.1088/1674-4527/17/9/96},
archivePrefix = {arXiv},
       eprint = {1701.07831},
 primaryClass = {astro-ph.GA},
       adsurl = {https://ui.adsabs.harvard.edu/abs/2017RAA....17...96L},
      adsnote = {Provided by the SAO/NASA Astrophysics Data System}
}

@article{Loktin_1992,
    author = { A. V.   Loktin  and  N. V.   Matkin },
    title = {Open clusters as spiral structure tracers in our galaxy},
    journal = {Astronomical \& Astrophysical Transactions},
    volume = {3},
    number = {2},
    pages = {169-174},
    year  = {1992},
    publisher = {Taylor & Francis},
    doi = {10.1080/10556799208230554},
    URL = {https://doi.org/10.1080/10556799208230554}
}

@ARTICLE{Lopez_2018,
       author = {{L{\'o}pez-Corredoira}, M. and {Allende Prieto}, C. and {Garz{\'o}n}, F. and {Wang}, H. and {Liu}, C. and {Deng}, L.},
        title = "{Disk stars in the Milky Way detected beyond 25 kpc from its center}",
      journal = {\aap},
     keywords = {Galaxy: structure - Galaxy: disk - Galaxy: abundances, Astrophysics - Astrophysics of Galaxies},
         year = 2018,
        month = apr,
       volume = {612},
          eid = {L8},
        pages = {L8},
          doi = {10.1051/0004-6361/201832880},
archivePrefix = {arXiv},
       eprint = {1804.03064},
 primaryClass = {astro-ph.GA},
       adsurl = {https://ui.adsabs.harvard.edu/abs/2018A&A...612L...8L},
      adsnote = {Provided by the SAO/NASA Astrophysics Data System}
}

@ARTICLE{Lui_2019,
       author = {{Liu}, Lei and {Pang}, Xiaoying},
        title = "{A Catalog of Newly Identified Star Clusters in Gaia DR2}",
      journal = {\apjs},
     keywords = {catalogs, galaxies: star clusters: general, methods: data analysis, open clusters and associations: general, Astrophysics - Astrophysics of Galaxies},
         year = 2019,
        month = dec,
       volume = {245},
       number = {2},
          eid = {32},
        pages = {32},
          doi = {10.3847/1538-4365/ab530a},
archivePrefix = {arXiv},
       eprint = {1910.12600},
 primaryClass = {astro-ph.GA},
       adsurl = {https://ui.adsabs.harvard.edu/abs/2019ApJS..245...32L},
      adsnote = {Provided by the SAO/NASA Astrophysics Data System}
}

@ARTICLE{Maciejewski_2008,
       author = {{Maciejewski}, G. and {Niedzielski}, A.},
        title = "{Photometric study of 9 doubtful open clusters}",
      journal = {Astronomische Nachrichten},
     keywords = {open clusters and associations: individual (Mayer 1, Czernik 2, NGC 956, Czernik 16, Dolidze 39, IC 1434, Czernik 43, Czernik 44, Berkeley 102)},
         year = 2008,
        month = jul,
       volume = {329},
       number = {6},
        pages = {602},
          doi = {10.1002/asna.200811000},
       adsurl = {https://ui.adsabs.harvard.edu/abs/2008AN....329..602M},
      adsnote = {Provided by the SAO/NASA Astrophysics Data System}
}

@ARTICLE{Majaess_2014,
       author = {{Majaess}, D. and {Carraro}, G. and {Moni Bidin}, C. and {Bonatto}, C. and {Turner}, D. and {Moyano}, M. and {Berdnikov}, L. and {Giorgi}, E.},
        title = "{On the crucial cluster Andrews-Lindsay 1 and a 4\% distance solution for its planetary nebula}",
      journal = {\aap},
     keywords = {open clusters and associations: individual: Andrews-Lindsay 1 (ESO 96-SC04), planetary nebulae: individual: PHR 1315-6555, Astrophysics - Solar and Stellar Astrophysics},
         year = 2014,
        month = jul,
       volume = {567},
          eid = {A1},
        pages = {A1},
          doi = {10.1051/0004-6361/201423673},
archivePrefix = {arXiv},
       eprint = {1404.5949},
 primaryClass = {astro-ph.SR},
       adsurl = {https://ui.adsabs.harvard.edu/abs/2014A&A...567A...1M},
      adsnote = {Provided by the SAO/NASA Astrophysics Data System}
}

@ARTICLE{Martinez_2017,
       author = {{Martinez-Medina}, L.~A. and {Pichardo}, B. and {Peimbert}, A. and {Moreno}, E.},
        title = "{On the Survival of High-altitude Open Clusters within the Milky Way Galaxy Tides}",
      journal = {\apj},
     keywords = {galaxies: kinematics and dynamics, galaxies: spiral, galaxies: structure, Galaxy: disk, open clusters and associations: general, Astrophysics - Astrophysics of Galaxies},
         year = 2017,
        month = jan,
       volume = {834},
       number = {1},
          eid = {58},
        pages = {58},
          doi = {10.3847/1538-4357/834/1/58},
archivePrefix = {arXiv},
       eprint = {1611.04595},
 primaryClass = {astro-ph.GA},
       adsurl = {https://ui.adsabs.harvard.edu/abs/2017ApJ...834...58M},
      adsnote = {Provided by the SAO/NASA Astrophysics Data System}
}

@INPROCEEDINGS{Moitinho_2010,
   author = {{Moitinho}, A.},
    title = "{Observational properties of the open cluster system of the Milky Way and what they tell us about our Galaxy}",
 keywords = {catalogs, ISM: extinction, Galaxy: evolution, Galaxy: disk, open clusters and associations: general},
booktitle = {Star Clusters: Basic Galactic Building Blocks Throughout Time and Space},
     year = 2010,
   series = {IAU Symposium},
   volume = 266,
archivePrefix = "arXiv",
   eprint = {0911.1459},
   editor = {{de Grijs}, R. and {L{\'e}pine}, J.~R.~D.},
    month = jan,
    pages = {106-116},
      doi = {10.1017/S1743921309990949},
   adsurl = {https://ui.adsabs.harvard.edu/abs/2010IAUS..266..106M},
  adsnote = {Provided by the SAO/NASA Astrophysics Data System}
}

@ARTICLE{Moitinho_2006,
   author = {{Moitinho}, A. and {V{\'a}zquez}, R.~A. and {Carraro}, G. and 
  {Baume}, G. and {Giorgi}, E.~E. and {Lyra}, W.},
    title = "{Spiral structure of the third galactic quadrant and the solution to the Canis Major debate}",
  journal = {\mnras},
   eprint = {astro-ph/0602493},
 keywords = {open clusters and associations: general, Galaxy: stellar content, Galaxy: structure, galaxies: dwarf},
     year = 2006,
    month = may,
   volume = 368,
    pages = {L77-L81},
      doi = {10.1111/j.1745-3933.2006.00163.x},
   adsurl = {https://ui.adsabs.harvard.edu/abs/2006MNRAS.368L..77M},
  adsnote = {Provided by the SAO/NASA Astrophysics Data System}
}

@ARTICLE{Molina_2018,
       author = {{Molina Lera}, J.~A. and {Baume}, G. and {Gamen}, R.},
        title = "{Young star clusters and the structure of the second Galactic quadrant}",
      journal = {\mnras},
     keywords = {stars: early-type, stars: formation, open clusters and associations, Galaxy: structure},
         year = 2018,
        month = oct,
       volume = {480},
       number = {2},
        pages = {2386-2404},
          doi = {10.1093/mnras/sty1874},
       adsurl = {https://ui.adsabs.harvard.edu/abs/2018MNRAS.480.2386M},
      adsnote = {Provided by the SAO/NASA Astrophysics Data System}
}

@ARTICLE{Momany_2006,
       author = {{Momany}, Y. and {Zaggia}, S. and {Gilmore}, G. and {Piotto}, G. and {Carraro}, G. and {Bedin}, L.~R. and {de Angeli}, F.},
        title = "{Outer structure of the Galactic warp and flare: explaining the Canis Major over-density}",
      journal = {\aap},
     keywords = {Astrophysics},
         year = 2006,
        month = may,
       volume = {451},
       number = {2},
        pages = {515-538},
          doi = {10.1051/0004-6361:20054081},
archivePrefix = {arXiv},
       eprint = {astro-ph/0603385},
 primaryClass = {astro-ph},
       adsurl = {https://ui.adsabs.harvard.edu/abs/2006A&A...451..515M},
      adsnote = {Provided by the SAO/NASA Astrophysics Data System}
}

@InProceedings{Netopil_2012,
author="Netopil, Martin
and Paunzen, Ernst
and St{\"u}tz, Christian",
editor="Moitinho, Andr{\'e}
and Alves, Jo{\~a}o",
title="Developments of the Open Cluster Database WEBDA",
booktitle="Star Clusters in the Era of Large Surveys",
year="2012",
publisher="Springer Berlin Heidelberg",
address="Berlin, Heidelberg",
pages="53--61"
}

@ARTICLE{Monteiro_2020,
       author = {{Monteiro}, H. and {Dias}, W.~S. and {Moitinho}, A. and {Cantat-Gaudin}, T. and {L{\'e}pine}, J.~R.~D. and {Carraro}, G. and {Paunzen}, E.},
        title = "{Fundamental parameters for 45 open clusters with Gaia DR2, an improved extinction correction and a metallicity gradient prior}",
      journal = {\mnras},
     keywords = {open clusters and associations: general, Astrophysics - Solar and Stellar Astrophysics, Astrophysics - Astrophysics of Galaxies, Astrophysics - Instrumentation and Methods for Astrophysics},
         year = 2020,
        month = dec,
       volume = {499},
       number = {2},
        pages = {1874-1889},
          doi = {10.1093/mnras/staa2983},
archivePrefix = {arXiv},
       eprint = {2009.11834},
 primaryClass = {astro-ph.SR},
       adsurl = {https://ui.adsabs.harvard.edu/abs/2020MNRAS.499.1874M},
      adsnote = {Provided by the SAO/NASA Astrophysics Data System}
}

@ARTICLE{Netopil_2021,
       author = {{Netopil}, Martin and {Akkaya Oralhan}, {\.I}nci and {{\c{C}}akmak}, Hikmet and {Michel}, Ra{\'u}l and {Karata{\c{s}}}, Y{\"u}ksel},
        title = "{The Galactic metallicity gradient shown by open clusters in the light of radial migration}",
      journal = {arXiv e-prints},
     keywords = {Astrophysics - Astrophysics of Galaxies, Astrophysics - Solar and Stellar Astrophysics},
         year = 2021,
        month = oct,
          eid = {arXiv:2110.11893},
        pages = {arXiv:2110.11893},
archivePrefix = {arXiv},
       eprint = {2110.11893},
 primaryClass = {astro-ph.GA},
       adsurl = {https://ui.adsabs.harvard.edu/abs/2021arXiv211011893N},
      adsnote = {Provided by the SAO/NASA Astrophysics Data System}
}

@ARTICLE{Ortolani_1995,
       author = {{Ortolani}, S. and {Bica}, E. and {Barbuy}, B.},
        title = "{BH 176 and AM-2: globular or open clusters?}",
      journal = {\aap},
     keywords = {HR DIAGRAM, GLOBULAR CLUSTERS: BH 176, OPEN CLUSTERS: AM-2},
         year = 1995,
        month = aug,
       volume = {300},
        pages = {726},
       adsurl = {https://ui.adsabs.harvard.edu/abs/1995A&A...300..726O},
      adsnote = {Provided by the SAO/NASA Astrophysics Data System}
}

@ARTICLE{Ortolani_2005,
       author = {{Ortolani}, S. and {Bica}, E. and {Barbuy}, B. and {Zoccali}, M.},
        title = "{The old open clusters Berkeley 36, Berkeley 73 and Biurakan 13 (Berkeley 34)}",
      journal = {\aap},
     keywords = {Galaxy: open clusters and associations: individual:, Berkeley 36, Berkeley 73, Biurakan 13, HR diagram, errata, addenda},
         year = 2005,
        month = sep,
       volume = {439},
       number = {3},
        pages = {1135-1135},
          doi = {10.1051/0004-6361:20041458e},
       adsurl = {https://ui.adsabs.harvard.edu/abs/2005A&A...439.1135O},
      adsnote = {Provided by the SAO/NASA Astrophysics Data System}
}

@ARTICLE{Ortolani_2008,
       author = {{Ortolani}, S. and {Bica}, E. and {Barbuy}, B.},
        title = "{The old metal-poor open cluster ESO 92-SC05: accreted from a dwarf galaxy?}",
      journal = {\mnras},
     keywords = {Hertzsprung-Russell (HR) diagram, open clusters and associations: individual: ESO 92-SC05, Astrophysics},
         year = 2008,
        month = aug,
       volume = {388},
       number = {2},
        pages = {723-728},
          doi = {10.1111/j.1365-2966.2008.13427.x},
archivePrefix = {arXiv},
       eprint = {0805.2117},
 primaryClass = {astro-ph},
       adsurl = {https://ui.adsabs.harvard.edu/abs/2008MNRAS.388..723O},
      adsnote = {Provided by the SAO/NASA Astrophysics Data System}
}

@ARTICLE{Parker_2011,
       author = {{Parker}, Quentin A. and {Frew}, David J. and {Miszalski}, Brent and {Kovacevic}, Anna V. and {Frinchaboy}, Peter M. and {Dobbie}, Paul D. and {K{\"o}ppen}, Joachim},
        title = "{PHR 1315-6555: a bipolar planetary nebula in the compact Hyades-age open cluster ESO 96-SC04}",
      journal = {\mnras},
     keywords = {stars: AGB and post-AGB, white dwarfs, planetary nebulae: individual: PN G305.3-03.1, Astrophysics - Astrophysics of Galaxies},
         year = 2011,
        month = may,
       volume = {413},
       number = {3},
        pages = {1835-1844},
          doi = {10.1111/j.1365-2966.2011.18259.x},
archivePrefix = {arXiv},
       eprint = {1101.3814},
 primaryClass = {astro-ph.GA},
       adsurl = {https://ui.adsabs.harvard.edu/abs/2011MNRAS.413.1835P},
      adsnote = {Provided by the SAO/NASA Astrophysics Data System}
}

@ARTICLE{Perren_2015,
       author = {{Perren}, G.~I. and {V{\'a}zquez}, R.~A. and {Piatti}, A.~E.},
        title = "{ASteCA: Automated Stellar Cluster Analysis}",
      journal = {\aap},
     keywords = {methods: statistical, galaxies: star clusters: general, open clusters and associations: general, techniques: photometric, Astrophysics - Astrophysics of Galaxies, Astrophysics - Solar and Stellar Astrophysics},
         year = 2015,
        month = apr,
       volume = {576},
          eid = {A6},
        pages = {A6},
          doi = {10.1051/0004-6361/201424946},
archivePrefix = {arXiv},
       eprint = {1412.2366},
 primaryClass = {astro-ph.GA},
       adsurl = {https://ui.adsabs.harvard.edu/abs/2015A&A...576A...6P},
      adsnote = {Provided by the SAO/NASA Astrophysics Data System}
}

@ARTICLE{Perren_2017,
    author = {{Perren}, G.~I. and {Piatti}, A.~E. and {V{\'a}zquez}, R.~A.},
    title = "{Astrophysical properties of star clusters in the Magellanic Clouds
    homogeneously estimated by ASteCA}",
    journal = {A\&A},
    eprint = {1701.08640},
    keywords = {galaxies: fundamental parameters, galaxies: star clusters: general,
    Magellanic Clouds, methods: statistical, catalogs, techniques: photometric},
    year = 2017,
    month = jun,
    volume = 602,
    eid = {A89},
    pages = {A89},
    doi = {10.1051/0004-6361/201629520},
    adsurl = {http://adsabs.harvard.edu/abs/2017A%26A...602A..89P}
}

@ARTICLE{Perren_2020,
       author = {{Perren}, G.~I. and {Giorgi}, E.~E. and {Moitinho}, A. and {Carraro}, G. and {Pera}, M.~S. and {V{\'a}zquez}, R.~A.},
        title = "{Sixteen overlooked open clusters in the fourth Galactic quadrant. A combined analysis of UBVI photometry and Gaia DR2 with ASteCA}",
      journal = {\aap},
     keywords = {methods: statistical, open clusters and associations: general, galaxies: star clusters: general, techniques: photometric, parallaxes, proper motions, Astrophysics - Astrophysics of Galaxies},
         year = 2020,
        month = may,
       volume = {637},
          eid = {A95},
        pages = {A95},
          doi = {10.1051/0004-6361/201937141},
archivePrefix = {arXiv},
       eprint = {2003.12138},
 primaryClass = {astro-ph.GA},
       adsurl = {https://ui.adsabs.harvard.edu/abs/2020A&A...637A..95P},
      adsnote = {Provided by the SAO/NASA Astrophysics Data System}
}

@ARTICLE{Pera_2021,
       author = {{Pera}, M.~S. and {Perren}, G.~I. and {Moitinho}, A. and {Navone}, H.~D. and {Vazquez}, R.~A.},
        title = "{pyUPMASK: an improved unsupervised clustering algorithm}",
      journal = {\aap},
     keywords = {open clusters and associations: general, methods: data analysis, open clusters and associations: individual: NGC 2516, methods: statistical, Astrophysics - Astrophysics of Galaxies},
         year = 2021,
        month = jun,
       volume = {650},
          eid = {A109},
        pages = {A109},
          doi = {10.1051/0004-6361/202040252},
archivePrefix = {arXiv},
       eprint = {2101.01660},
 primaryClass = {astro-ph.GA},
       adsurl = {https://ui.adsabs.harvard.edu/abs/2021A&A...650A.109P},
      adsnote = {Provided by the SAO/NASA Astrophysics Data System}
}

@ARTICLE{Phelps1994,
       author = {{Phelps}, Randy L. and {Janes}, Kenneth A.},
        title = "{Young Open Clusters as Probes of the Star Formation Process. I. an Atlas of Open Cluster Photometry}",
      journal = {\apjs},
     keywords = {Age Factor, Astronomical Maps, Astronomical Photometry, Cassiopeia A, Color-Magnitude Diagram, Interstellar Extinction, Open Clusters, Star Formation, Astronomical Observatories, Charge Coupled Devices, Data Reduction, Optical Filters, Telescopes, Astronomy, ATLASES, GALAXY: OPEN CLUSTERS AND ASSOCIATIONS: GENERAL, STARS: EVOLUTION, TECHNIQUES: PHOTOMETRIC},
         year = 1994,
        month = jan,
       volume = {90},
        pages = {31},
          doi = {10.1086/191857},
       adsurl = {https://ui.adsabs.harvard.edu/abs/1994ApJS...90...31P},
      adsnote = {Provided by the SAO/NASA Astrophysics Data System}
}

@ARTICLE{Phelps_1994_develop,
       author = {{Phelps}, Randy L. and {Janes}, Kenneth A. and {Montgomery}, Kent A.},
        title = "{Development of the Galactic Disk: A Search for the Oldest Open Cluster}",
      journal = {\aj},
     keywords = {Age Factor, Astronomical Catalogs, Color-Magnitude Diagram, Disk Galaxies, Evolution (Development), Open Clusters, Astronomical Observatories, Astronomical Photometry, Charge Coupled Devices, Histograms, Optical Filters, Point Spread Functions, Telescopes, Astrophysics, OPEN CLUSTERS AND ASSOCIATIONS: GENERAL, GALAXY: EVOLUTION},
         year = 1994,
        month = mar,
       volume = {107},
        pages = {1079},
          doi = {10.1086/116920},
       adsurl = {https://ui.adsabs.harvard.edu/abs/1994AJ....107.1079P},
      adsnote = {Provided by the SAO/NASA Astrophysics Data System}
}

@ARTICLE{Phelps_2003,
       author = {{Phelps}, Randy L. and {Schick}, Matthew},
        title = "{CCD Photometry of the Old Clusters ESO 093-SC08 and van den Bergh-Hagen 176}",
      journal = {\aj},
     keywords = {Galaxy: Fundamental Parameters, Galaxy: Structure, Galaxy: Open Clusters and Associations: General},
         year = 2003,
        month = jul,
       volume = {126},
       number = {1},
        pages = {265-275},
          doi = {10.1086/375751},
       adsurl = {https://ui.adsabs.harvard.edu/abs/2003AJ....126..265P},
      adsnote = {Provided by the SAO/NASA Astrophysics Data System}
}

@ARTICLE{Piatti_2010,
       author = {{Piatti}, Andr{\'e}s E. and {Clari{\'a}}, Juan J. and {Ahumada}, Andrea V.},
        title = "{New fundamental parameters of the Galactic open clusters Berkeley 26, Czernik 27, Melotte 72, NGC 2479 and BH 37}",
      journal = {\mnras},
     keywords = {techniques: photometric, open clusters and associations: individual: Berkeley26, open clusters and associations: individual: Czernik27, open clusters and associations: individual: Melotte72, open clusters and associations: individual: NGC2479, open clusters and associations: individual: BH37, Astrophysics - Astrophysics of Galaxies},
         year = 2010,
        month = mar,
       volume = {402},
       number = {4},
        pages = {2720-2734},
          doi = {10.1111/j.1365-2966.2009.16106.x},
archivePrefix = {arXiv},
       eprint = {0912.1170},
 primaryClass = {astro-ph.GA},
       adsurl = {https://ui.adsabs.harvard.edu/abs/2010MNRAS.402.2720P},
      adsnote = {Provided by the SAO/NASA Astrophysics Data System}
}

@ARTICLE{Salaris_2004,
       author = {{Salaris}, M. and {Weiss}, A. and {Percival}, S.~M.},
        title = "{The age of the oldest Open Clusters}",
      journal = {\aap},
     keywords = {Galaxy: disk, evolution, open clusters and associations: general, stellar content, Astrophysics},
         year = 2004,
        month = jan,
       volume = {414},
        pages = {163-174},
          doi = {10.1051/0004-6361:20031578},
archivePrefix = {arXiv},
       eprint = {astro-ph/0310363},
 primaryClass = {astro-ph},
       adsurl = {https://ui.adsabs.harvard.edu/abs/2004A&A...414..163S},
      adsnote = {Provided by the SAO/NASA Astrophysics Data System}
}

@ARTICLE{Saurer_1994,
       author = {{Saurer}, W. and {Seeberger}, R. and {Weinberger}, R. and {Ziener}, R.},
        title = "{Berkeley 93: A Distant Star Cluster Nestled in a Dust Cloud}",
      journal = {\aj},
     keywords = {Cosmic Dust, Open Clusters, Stellar Evolution, Stellar Spectrophotometry, Charge Coupled Devices, Interstellar Extinction, Astronomy, OPEN CLUSTERS AND ASSOCIATIONS: BERKELEY 93, ISM: CLOUDS},
         year = 1994,
        month = jun,
       volume = {107},
        pages = {2101},
          doi = {10.1086/117020},
       adsurl = {https://ui.adsabs.harvard.edu/abs/1994AJ....107.2101S},
      adsnote = {Provided by the SAO/NASA Astrophysics Data System}
}

@ARTICLE{Schlafly_2011,
   author = {{Schlafly}, E.~F. and {Finkbeiner}, D.~P.},
    title = "{Measuring Reddening with Sloan Digital Sky Survey Stellar Spectra and Recalibrating SFD}",
  journal = {ApJ},
archivePrefix = "arXiv",
   eprint = {1012.4804},
 primaryClass = "astro-ph.GA",
 keywords = {dust, extinction, Galaxy: stellar content, ISM: clouds},
     year = 2011,
    month = aug,
   volume = 737,
      eid = {103},
    pages = {103},
      doi = {10.1088/0004-637X/737/2/103},
   adsurl = {http://adsabs.harvard.edu/abs/2011ApJ...737..103S},
  adsnote = {Provided by the SAO/NASA Astrophysics Data System}
}

@ARTICLE{Schlegel_1998,
       author = {{Schlegel}, David J. and {Finkbeiner}, Douglas P. and {Davis}, Marc},
        title = "{Maps of Dust Infrared Emission for Use in Estimation of Reddening and Cosmic Microwave Background Radiation Foregrounds}",
      journal = {\apj},
     keywords = {COSMOLOGY: DIFFUSE RADIATION, COSMOLOGY: COSMIC MICROWAVE BACKGROUND, ISM: DUST, EXTINCTION, INTERPLANETARY MEDIUM, INFRARED: ISM: CONTINUUM, Cosmology: Cosmic Microwave Background, Cosmology: Diffuse Radiation, ISM: Dust, Extinction, Infrared: ISM: Continuum, Interplanetary Medium, Astrophysics},
         year = 1998,
        month = jun,
       volume = {500},
       number = {2},
        pages = {525-553},
          doi = {10.1086/305772},
archivePrefix = {arXiv},
       eprint = {astro-ph/9710327},
 primaryClass = {astro-ph},
       adsurl = {https://ui.adsabs.harvard.edu/abs/1998ApJ...500..525S},
      adsnote = {Provided by the SAO/NASA Astrophysics Data System}
}

@ARTICLE{Sharina_2014,
       author = {{Sharina}, M.~E. and {Donzelli}, C.~J. and {Davoust}, E. and {Shimansky}, V.~V. and {Charbonnel}, C.},
        title = "{Gemini spectroscopy of the outer disk star cluster BH176}",
      journal = {\aap},
     keywords = {globular clusters: general, globular clusters: individual: BH176, open clusters and associations: general, Galaxy: structure, Galaxy: formation, Astrophysics - Astrophysics of Galaxies, Astrophysics - Solar and Stellar Astrophysics},
         year = 2014,
        month = oct,
       volume = {570},
          eid = {A48},
        pages = {A48},
          doi = {10.1051/0004-6361/201423627},
archivePrefix = {arXiv},
       eprint = {1408.1629},
 primaryClass = {astro-ph.GA},
       adsurl = {https://ui.adsabs.harvard.edu/abs/2014A&A...570A..48S},
      adsnote = {Provided by the SAO/NASA Astrophysics Data System}
}

@ARTICLE{Siess1997,
       author = {{Siess}, L. and {Forestini}, M. and {Dougados}, C.},
        title = "{Synthetic Hertzsprung-Russell diagrams of open clusters.}",
      journal = {\aap},
     keywords = {STARS: EVOLUTION OF, STARS: PRE-MAIN SEQUENCE, STARS: HERTZSPRUNG-RUSSELL DIAGRAM, STARS: FUNDAMENTAL PARAMETERS},
         year = 1997,
        month = aug,
       volume = {324},
        pages = {556-565},
       adsurl = {https://ui.adsabs.harvard.edu/abs/1997A&A...324..556S},
      adsnote = {Provided by the SAO/NASA Astrophysics Data System}
}

@ARTICLE{Sollima_2010,
       author = {{Sollima}, A. and {Carballo-Bello}, J.~A. and {Beccari}, G. and {Ferraro}, F.~R. and {Pecci}, F. Fusi and {Lanzoni}, B.},
        title = "{The fraction of binary systems in the core of five Galactic open clusters}",
      journal = {\mnras},
     keywords = {stellar dynamics, methods: observational, techniques: photometric, binaries: general, open clusters and associations: general, Astrophysics - Solar and Stellar Astrophysics},
         year = 2010,
        month = jan,
       volume = {401},
       number = {1},
        pages = {577-585},
          doi = {10.1111/j.1365-2966.2009.15676.x},
archivePrefix = {arXiv},
       eprint = {0909.1277},
 primaryClass = {astro-ph.SR},
       adsurl = {https://ui.adsabs.harvard.edu/abs/2010MNRAS.401..577S},
      adsnote = {Provided by the SAO/NASA Astrophysics Data System}
}

@ARTICLE{Soubiran_2018,
       author = {{Soubiran}, C. and {Cantat-Gaudin}, T. and {Romero-G{\'o}mez}, M. and {Casamiquela}, L. and {Jordi}, C. and {Vallenari}, A. and {Antoja}, T. and {Balaguer-N{\'u}{\~n}ez}, L. and {Bossini}, D. and {Bragaglia}, A. and {Carrera}, R. and {Castro-Ginard}, A. and {Figueras}, F. and {Heiter}, U. and {Katz}, D. and {Krone-Martins}, A. and {Le Campion}, J. -F. and {Moitinho}, A. and {Sordo}, R.},
        title = "{Open cluster kinematics with Gaia DR2}",
      journal = {\aap},
     keywords = {stars: kinematics and dynamics, Galaxy: kinematics and dynamics, open clusters and associations: general, Astrophysics - Solar and Stellar Astrophysics, Astrophysics - Astrophysics of Galaxies},
         year = 2018,
        month = nov,
       volume = {619},
          eid = {A155},
        pages = {A155},
          doi = {10.1051/0004-6361/201834020},
archivePrefix = {arXiv},
       eprint = {1808.01613},
 primaryClass = {astro-ph.SR},
       adsurl = {https://ui.adsabs.harvard.edu/abs/2018A&A...619A.155S},
      adsnote = {Provided by the SAO/NASA Astrophysics Data System}
}

@ARTICLE{Spina_2021,
       author = {{Spina}, L. and {Ting}, Y. -S. and {De Silva}, G.~M. and {Frankel}, N. and {Sharma}, S. and {Cantat-Gaudin}, T. and {Joyce}, M. and {Stello}, D. and {Karakas}, A.~I. and {Asplund}, M.~B. and {Nordlander}, T. and {Casagrande}, L. and {D'Orazi}, V. and {Casey}, A.~R. and {Cottrell}, P. and {Tepper-Garc{\'\i}a}, T. and {Baratella}, M. and {Kos}, J. and {{\v{C}}otar}, K. and {Bland-Hawthorn}, J. and {Buder}, S. and {Freeman}, K.~C. and {Hayden}, M.~R. and {Lewis}, G.~F. and {Lin}, J. and {Lind}, K. and {Martell}, S.~L. and {Schlesinger}, K.~J. and {Simpson}, J.~D. and {Zucker}, D.~B. and {Zwitter}, T.},
        title = "{The GALAH survey: tracing the Galactic disc with open clusters}",
      journal = {\mnras},
     keywords = {stars: abundances, stars: kinematics and dynamics, Galaxy: abundances, Galaxy: disc, Galaxy: evolution, open clusters and associations: general, Astrophysics - Astrophysics of Galaxies, Astrophysics - Solar and Stellar Astrophysics, 85-02},
         year = 2021,
        month = may,
       volume = {503},
       number = {3},
        pages = {3279-3296},
          doi = {10.1093/mnras/stab471},
archivePrefix = {arXiv},
       eprint = {2011.02533},
 primaryClass = {astro-ph.GA},
       adsurl = {https://ui.adsabs.harvard.edu/abs/2021MNRAS.503.3279S},
      adsnote = {Provided by the SAO/NASA Astrophysics Data System}
}

@ARTICLE{Tadross_2008,
       author = {{Tadross}, A.~L.},
        title = "{A Catalogue of previously unstudied Berkeley clusters}",
      journal = {\mnras},
     keywords = {catalogues, surveys, Hertzsprung-Russell (HR) diagram, open clusters and associations: general, open clusters and associations: individual: Berkeley},
         year = 2008,
        month = sep,
       volume = {389},
       number = {1},
        pages = {285-291},
          doi = {10.1111/j.1365-2966.2008.13554.x},
       adsurl = {https://ui.adsabs.harvard.edu/abs/2008MNRAS.389..285T},
      adsnote = {Provided by the SAO/NASA Astrophysics Data System}
}

@ARTICLE{Tarricq_2021,
       author = {{Tarricq}, Y. and {Soubiran}, C. and {Casamiquela}, L. and {Cantat-Gaudin}, T. and {Chemin}, L. and {Anders}, F. and {Antoja}, T. and {Romero-G{\'o}mez}, M. and {Figueras}, F. and {Jordi}, C. and {Bragaglia}, A. and {Balaguer-N{\'u}{\~n}ez}, L. and {Carrera}, R. and {Castro-Ginard}, A. and {Moitinho}, A. and {Ramos}, P. and {Bossini}, D.},
        title = "{3D kinematics and age distribution of the open cluster population}",
      journal = {\aap},
     keywords = {open clusters and associations: general, Galaxy: kinematics and dynamics, Galaxy: disk, stars: kinematics and dynamics, Astrophysics - Astrophysics of Galaxies, Astrophysics - Solar and Stellar Astrophysics},
         year = 2021,
        month = mar,
       volume = {647},
          eid = {A19},
        pages = {A19},
          doi = {10.1051/0004-6361/202039388},
archivePrefix = {arXiv},
       eprint = {2012.04017},
 primaryClass = {astro-ph.GA},
       adsurl = {https://ui.adsabs.harvard.edu/abs/2021A&A...647A..19T},
      adsnote = {Provided by the SAO/NASA Astrophysics Data System}
}

@ARTICLE{Tosi_2004,
       author = {{Tosi}, M. and {Di Fabrizio}, L. and {Bragaglia}, A. and {Carusillo}, P.~A. and {Marconi}, G.},
        title = "{Berkeley 29, the most distant old open cluster}",
      journal = {\mnras},
     keywords = {Hertzsprung-Russell (HR) diagram, open clusters and associations: general, open clusters and associations: individual: Berkeley 29, Astrophysics},
         year = 2004,
        month = oct,
       volume = {354},
       number = {1},
        pages = {225-234},
          doi = {10.1111/j.1365-2966.2004.08184.x},
archivePrefix = {arXiv},
       eprint = {astro-ph/0408078},
 primaryClass = {astro-ph},
       adsurl = {https://ui.adsabs.harvard.edu/abs/2004MNRAS.354..225T},
      adsnote = {Provided by the SAO/NASA Astrophysics Data System}
}

@ARTICLE{Tremmel_2013,
       author = {{Tremmel}, M. and {Fragos}, T. and {Lehmer}, B.~D. and {Tzanavaris}, P. and {Belczynski}, K. and {Kalogera}, V. and {Basu-Zych}, A.~R. and {Farr}, W.~M. and {Hornschemeier}, A. and {Jenkins}, L. and {Ptak}, A. and {Zezas}, A.},
        title = "{Modeling the Redshift Evolution of the Normal Galaxy X-Ray Luminosity Function}",
      journal = {\apj},
     keywords = {binaries: close, galaxies: stellar content, stars: evolution, X-rays: binaries, X-rays: diffuse background, X-rays: galaxies, Astrophysics - Cosmology and Nongalactic Astrophysics, Astrophysics - Astrophysics of Galaxies, Astrophysics - High Energy Astrophysical Phenomena},
         year = 2013,
        month = mar,
       volume = {766},
       number = {1},
          eid = {19},
        pages = {19},
          doi = {10.1088/0004-637X/766/1/19},
archivePrefix = {arXiv},
       eprint = {1210.7185},
 primaryClass = {astro-ph.CO},
       adsurl = {https://ui.adsabs.harvard.edu/abs/2013ApJ...766...19T},
      adsnote = {Provided by the SAO/NASA Astrophysics Data System}
}

@ARTICLE{Turner_2012,
       author = {{Turner}, David G.},
        title = "{WR 38/38a and the ratio of total-to-selective extinction in Carina}",
      journal = {\apss},
     keywords = {Stars: Wolf-Rayet, Galaxy: open clusters and associations: individual: Shorlin 1, ISM: dust, extinction, Astrophysics - Astrophysics of Galaxies, Astrophysics - Solar and Stellar Astrophysics},
         year = 2012,
        month = jan,
       volume = {337},
       number = {1},
        pages = {303-312},
          doi = {10.1007/s10509-011-0833-4},
archivePrefix = {arXiv},
       eprint = {1108.3567},
 primaryClass = {astro-ph.GA},
       adsurl = {https://ui.adsabs.harvard.edu/abs/2012Ap&SS.337..303T},
      adsnote = {Provided by the SAO/NASA Astrophysics Data System}
}

@ARTICLE{valle_2005,
   author = {{Vall{\'e}e}, J.~P.},
    title = "{The Spiral Arms and Interarm Separation of the Milky Way: An Updated Statistical Study}",
  journal = {\aj},
 keywords = {Galaxy: Disk, Galaxy: Structure, ISM: General, Standards},
     year = 2005,
    month = aug,
   volume = 130,
    pages = {569-575},
      doi = {10.1086/431744},
   adsurl = {http://adsabs.harvard.edu/abs/2005AJ....130..569V},
  adsnote = {Provided by the SAO/NASA Astrophysics Data System}
}

@ARTICLE{vandenBergh_1975,
       author = {{van den Bergh}, S. and {Hagen}, G.~L.},
        title = "{Uniform survey of clusters in the southern Milky Way.}",
      journal = {\aj},
         year = 1975,
        month = jan,
       volume = {80},
        pages = {11-16},
          doi = {10.1086/111707},
       adsurl = {https://ui.adsabs.harvard.edu/abs/1975AJ.....80...11V},
      adsnote = {Provided by the SAO/NASA Astrophysics Data System}
}

@ARTICLE{vandenBergh_2011,
       author = {{van den Bergh}, Sidney},
        title = "{Some Systematics of Galactic Globular Clusters}",
      journal = {\pasp},
     keywords = {Astrophysics - Astrophysics of Galaxies},
         year = 2011,
        month = sep,
       volume = {123},
       number = {907},
        pages = {1044},
          doi = {10.1086/662132},
archivePrefix = {arXiv},
       eprint = {1108.0708},
 primaryClass = {astro-ph.GA},
       adsurl = {https://ui.adsabs.harvard.edu/abs/2011PASP..123.1044V},
      adsnote = {Provided by the SAO/NASA Astrophysics Data System}
}

@ARTICLE{Vasiliev_2021,
       author = {{Vasiliev}, Eugene and {Baumgardt}, Holger},
        title = "{Gaia EDR3 view on galactic globular clusters}",
      journal = {\mnras},
     keywords = {parallaxes, proper motions, globular clusters: general, Galaxy: kinematics and dynamics, Astrophysics - Astrophysics of Galaxies},
         year = 2021,
        month = aug,
       volume = {505},
       number = {4},
        pages = {5978-6002},
          doi = {10.1093/mnras/stab1475},
archivePrefix = {arXiv},
       eprint = {2102.09568},
 primaryClass = {astro-ph.GA},
       adsurl = {https://ui.adsabs.harvard.edu/abs/2021MNRAS.505.5978V},
      adsnote = {Provided by the SAO/NASA Astrophysics Data System}
}

@ARTICLE{Vazquez2008,
  author = {{V{\'a}zquez}, R.~A. and {May}, J. and {Carraro}, G. and {Bronfman},
  L. and {Moitinho}, A. and {Baume}, G.},
  title = {{Spiral Structure in the Outer Galactic Disk. I. The Third Galactic
  Quadrant}},
  journal = {ApJ},
  year = {2008},
  volume = {672},
  pages = {930-939},
  month = jan,
  adsnote = {Provided by the SAO/NASA Astrophysics Data System},
  adsurl = {http://adsabs.harvard.edu/abs/2008ApJ...672..930V},
  archiveprefix = {arXiv},
  doi = {10.1086/524003},
  eprint = {0709.3973},
  keywords = {Galaxy: Disk, Galaxy: Structure, Galaxy: Open Clusters and Associations:
  General}
}

@ARTICLE{Villanova_2010,
       author = {{Villanova}, S. and {Randich}, S. and {Geisler}, D. and {Carraro}, G. and {Costa}, E.},
        title = "{The metallicity of the open cluster Tombaugh 2}",
      journal = {\aap},
     keywords = {Galaxy: disk, open clusters and associations: general, open clusters and associations: individual: Tombaugh 2, Galaxy: structure, Astrophysics - Astrophysics of Galaxies},
         year = 2010,
        month = jan,
       volume = {509},
          eid = {A102},
        pages = {A102},
          doi = {10.1051/0004-6361/200913258},
archivePrefix = {arXiv},
       eprint = {0911.3044},
 primaryClass = {astro-ph.GA},
       adsurl = {https://ui.adsabs.harvard.edu/abs/2010A&A...509A.102V},
      adsnote = {Provided by the SAO/NASA Astrophysics Data System}
}






















%%%%%%%%%%%%%%%%%%%%%%%%%%%%%%%%%%%%%%%%%%%%%%%
% Packages and tools
%%%%%%%%%%%%%%%%%%%%%%%%%%%%%%%%%%%%%%%%%%%%%%%

@article{astropy:2013,
Adsnote = {Provided by the SAO/NASA Astrophysics Data System},
Adsurl = {http://adsabs.harvard.edu/abs/2013A%26A...558A..33A},
Archiveprefix = {arXiv},
Author = {{Astropy Collaboration} and {Robitaille}, T.~P. and {Tollerud}, E.~J. and {Greenfield}, P. and {Droettboom}, M. and {Bray}, E. and {Aldcroft}, T. and {Davis}, M. and {Ginsburg}, A. and {Price-Whelan}, A.~M. and {Kerzendorf}, W.~E. and {Conley}, A. and {Crighton}, N. and {Barbary}, K. and {Muna}, D. and {Ferguson}, H. and {Grollier}, F. and {Parikh}, M.~M. and {Nair}, P.~H. and {Unther}, H.~M. and {Deil}, C. and {Woillez}, J. and {Conseil}, S. and {Kramer}, R. and {Turner}, J.~E.~H. and {Singer}, L. and {Fox}, R. and {Weaver}, B.~A. and {Zabalza}, V. and {Edwards}, Z.~I. and {Azalee Bostroem}, K. and {Burke}, D.~J. and {Casey}, A.~R. and {Crawford}, S.~M. and {Dencheva}, N. and {Ely}, J. and {Jenness}, T. and {Labrie}, K. and {Lim}, P.~L. and {Pierfederici}, F. and {Pontzen}, A. and {Ptak}, A. and {Refsdal}, B. and {Servillat}, M. and {Streicher}, O.},
Doi = {10.1051/0004-6361/201322068},
Eid = {A33},
Eprint = {1307.6212},
Journal = {\aap},
Keywords = {methods: data analysis, methods: miscellaneous, virtual observatory tools},
Month = oct,
Pages = {A33},
Primaryclass = {astro-ph.IM},
Title = {{Astropy: A community Python package for astronomy}},
Volume = 558,
Year = 2013,
Bdsk-Url-1 = {https://dx.doi.org/10.1051/0004-6361/201322068}
}

@ARTICLE{astropy:2018,
       author = {{Astropy Collaboration} and {Price-Whelan}, A.~M. and
         {Sip{\H{o}}cz}, B.~M. and {G{\"u}nther}, H.~M. and {Lim}, P.~L. and
         {Crawford}, S.~M. and {Conseil}, S. and {Shupe}, D.~L. and
         {Craig}, M.~W. and {Dencheva}, N. and {Ginsburg}, A. and {Vand
        erPlas}, J.~T. and {Bradley}, L.~D. and {P{\'e}rez-Su{\'a}rez}, D. and
         {de Val-Borro}, M. and {Aldcroft}, T.~L. and {Cruz}, K.~L. and
         {Robitaille}, T.~P. and {Tollerud}, E.~J. and {Ardelean}, C. and
         {Babej}, T. and {Bach}, Y.~P. and {Bachetti}, M. and {Bakanov}, A.~V. and
         {Bamford}, S.~P. and {Barentsen}, G. and {Barmby}, P. and
         {Baumbach}, A. and {Berry}, K.~L. and {Biscani}, F. and {Boquien}, M. and
         {Bostroem}, K.~A. and {Bouma}, L.~G. and {Brammer}, G.~B. and
         {Bray}, E.~M. and {Breytenbach}, H. and {Buddelmeijer}, H. and
         {Burke}, D.~J. and {Calderone}, G. and {Cano Rodr{\'\i}guez}, J.~L. and
         {Cara}, M. and {Cardoso}, J.~V.~M. and {Cheedella}, S. and {Copin}, Y. and
         {Corrales}, L. and {Crichton}, D. and {D'Avella}, D. and {Deil}, C. and
         {Depagne}, {\'E}. and {Dietrich}, J.~P. and {Donath}, A. and
         {Droettboom}, M. and {Earl}, N. and {Erben}, T. and {Fabbro}, S. and
         {Ferreira}, L.~A. and {Finethy}, T. and {Fox}, R.~T. and
         {Garrison}, L.~H. and {Gibbons}, S.~L.~J. and {Goldstein}, D.~A. and
         {Gommers}, R. and {Greco}, J.~P. and {Greenfield}, P. and
         {Groener}, A.~M. and {Grollier}, F. and {Hagen}, A. and {Hirst}, P. and
         {Homeier}, D. and {Horton}, A.~J. and {Hosseinzadeh}, G. and {Hu}, L. and
         {Hunkeler}, J.~S. and {Ivezi{\'c}}, {\v{Z}}. and {Jain}, A. and
         {Jenness}, T. and {Kanarek}, G. and {Kendrew}, S. and {Kern}, N.~S. and
         {Kerzendorf}, W.~E. and {Khvalko}, A. and {King}, J. and {Kirkby}, D. and
         {Kulkarni}, A.~M. and {Kumar}, A. and {Lee}, A. and {Lenz}, D. and
         {Littlefair}, S.~P. and {Ma}, Z. and {Macleod}, D.~M. and
         {Mastropietro}, M. and {McCully}, C. and {Montagnac}, S. and
         {Morris}, B.~M. and {Mueller}, M. and {Mumford}, S.~J. and {Muna}, D. and
         {Murphy}, N.~A. and {Nelson}, S. and {Nguyen}, G.~H. and
         {Ninan}, J.~P. and {N{\"o}the}, M. and {Ogaz}, S. and {Oh}, S. and
         {Parejko}, J.~K. and {Parley}, N. and {Pascual}, S. and {Patil}, R. and
         {Patil}, A.~A. and {Plunkett}, A.~L. and {Prochaska}, J.~X. and
         {Rastogi}, T. and {Reddy Janga}, V. and {Sabater}, J. and
         {Sakurikar}, P. and {Seifert}, M. and {Sherbert}, L.~E. and
         {Sherwood-Taylor}, H. and {Shih}, A.~Y. and {Sick}, J. and
         {Silbiger}, M.~T. and {Singanamalla}, S. and {Singer}, L.~P. and
         {Sladen}, P.~H. and {Sooley}, K.~A. and {Sornarajah}, S. and
         {Streicher}, O. and {Teuben}, P. and {Thomas}, S.~W. and
         {Tremblay}, G.~R. and {Turner}, J.~E.~H. and {Terr{\'o}n}, V. and
         {van Kerkwijk}, M.~H. and {de la Vega}, A. and {Watkins}, L.~L. and
         {Weaver}, B.~A. and {Whitmore}, J.~B. and {Woillez}, J. and
         {Zabalza}, V. and {Astropy Contributors}},
        title = "{The Astropy Project: Building an Open-science Project and Status of the v2.0 Core Package}",
      journal = {\aj},
     keywords = {methods: data analysis, methods: miscellaneous, methods: statistical, reference systems, Astrophysics - Instrumentation and Methods for Astrophysics},
         year = 2018,
        month = sep,
       volume = {156},
       number = {3},
          eid = {123},
        pages = {123},
          doi = {10.3847/1538-3881/aabc4f},
archivePrefix = {arXiv},
       eprint = {1801.02634},
 primaryClass = {astro-ph.IM},
       adsurl = {https://ui.adsabs.harvard.edu/abs/2018AJ....156..123A},
      adsnote = {Provided by the SAO/NASA Astrophysics Data System}
}

@ARTICLE{Bonnarel2000,
  author = {{Bonnarel}, F. and {Fernique}, P. and {Bienaym{\'e}}, O. and {Egret}, D. and {Genova}, F. and {Louys}, M. and {Ochsenbein}, F. and {Wenger}, M. and {Bartlett}, J.~G.},
  title = {{The ALADIN interactive sky atlas. A reference tool for identification of astronomical sources}},
  journal = {AAPS},
  keywords = {ASTRONOMICAL DATA BASES: MISCELLANEOUS, CATALOGS, ATLASES, SURVEYS},
  year = {2000},
  month = {apr},
  volume = {143},
  pages = {33-40},
  doi = {10.1051/aas:2000331},
  adsurl = {http://cdsads.u-strasbg.fr/abs/2000A%26AS..143...33B},
  adsnote = {Provided by the SAO/NASA Astrophysics Data System},
}

@INPROCEEDINGS{Boch2014,
  author = {{Boch}, T. and {Fernique}, P.},
  title = {{Aladin Lite: Embed your Sky in the Browser}},
  booktitle = {Astronomical Data Analysis Software and Systems XXIII},
  year = {2014},
  series = {Astronomical Society of the Pacific Conference Series},
  volume = {485},
  editor = {{Manset}, N. and {Forshay}, P.},
  month = {may},
  pages = {277},
  adsurl = {http://cdsads.u-strasbg.fr/abs/2014ASPC..485..277B},
  adsnote = {Provided by the SAO/NASA Astrophysics Data System},
}

@article{corner,
  doi = {10.21105/joss.00024},
  url = {https://doi.org/10.21105/joss.00024},
  year  = {2016},
  month = {jun},
  publisher = {The Open Journal},
  volume = {1},
  number = {2},
  pages = {24},
  author = {Daniel Foreman-Mackey},
  title = {corner.py: Scatterplot matrices in Python},
  journal = {The Journal of Open Source Software}
}

@article{emcee,
   author = {{Foreman-Mackey}, D. and {Hogg}, D.~W. and {Lang}, D. and {Goodman}, J.},
    title = {emcee: The MCMC Hammer},
  journal = {PASP},
     year = 2013,
   volume = 125,
    pages = {306-312},
   eprint = {1202.3665},
      doi = {10.1086/670067}
}

@article{hunter_2007,
  title={Matplotlib: A 2D graphics environment},
  author={Hunter, John D and others},
  journal={Computing in science and engineering},
  volume={9},
  number={3},
  pages={90--95},
  year={2007}
}

@Misc{Jones_2001,
  author =    {Eric Jones and Travis Oliphant and Pearu Peterson and others},
  title =     {{SciPy}: Open source scientific tools for {Python}},
  year =      {2001},
  url = "http://www.scipy.org/",
  note = {[Online; accessed 2016-06-21]}
}

@ARTICLE{Kalkayotl,
       author = {{Olivares}, J. and {Sarro}, L.~M. and {Bouy}, H. and {Miret-Roig}, N. and {Casamiquela}, L. and {Galli}, P.~A.~B. and {Berihuete}, A. and {Tarricq}, Y.},
        title = "{Kalkayotl: A cluster distance inference code}",
      journal = {\aap},
     keywords = {methods: statistical, parallaxes, open clusters and associations: general, stars: distances, virtual observatory tools, Astrophysics - Instrumentation and Methods for Astrophysics, Astrophysics - Astrophysics of Galaxies, Astrophysics - Solar and Stellar Astrophysics},
         year = 2020,
        month = dec,
       volume = {644},
          eid = {A7},
        pages = {A7},
          doi = {10.1051/0004-6361/202037846},
archivePrefix = {arXiv},
       eprint = {2010.00272},
 primaryClass = {astro-ph.IM},
       adsurl = {https://ui.adsabs.harvard.edu/abs/2020A&A...644A...7O},
      adsnote = {Provided by the SAO/NASA Astrophysics Data System}
}

@ARTICLE{Ochsenbein_2000,
   author = {{Ochsenbein}, F. and {Bauer}, P. and {Marcout}, J.},
    title = "{The VizieR database of astronomical catalogues}",
  journal = {\aaps},
   eprint = {astro-ph/0002122},
 keywords = {ASTRONOMICAL DATA BASES: MISCELLANEOUS, CATALOGS},
     year = 2000,
    month = apr,
   volume = 143,
    pages = {23-32},
      doi = {10.1051/aas:2000169},
   adsurl = {http://cdsads.u-strasbg.fr/abs/2000A%26AS..143...23O},
  adsnote = {Provided by the SAO/NASA Astrophysics Data System}
}

@ARTICLE{ptemcee,
       author = {{Vousden}, W.~D. and {Farr}, W.~M. and {Mandel}, I.},
        title = "{Dynamic temperature selection for parallel tempering in Markov chain Monte Carlo simulations}",
      journal = {\mnras},
     keywords = {methods: data analysis, methods: numerical, methods: statistical, Astrophysics - Instrumentation and Methods for Astrophysics},
         year = 2016,
        month = jan,
       volume = {455},
       number = {2},
        pages = {1919-1937},
          doi = {10.1093/mnras/stv2422},
archivePrefix = {arXiv},
       eprint = {1501.05823},
 primaryClass = {astro-ph.IM},
       adsurl = {https://ui.adsabs.harvard.edu/abs/2016MNRAS.455.1919V},
      adsnote = {Provided by the SAO/NASA Astrophysics Data System}
}

@article{scikit-learn,
 title={Scikit-learn: Machine Learning in {P}ython},
 author={Pedregosa, F. and Varoquaux, G. and Gramfort, A. and Michel, V.
         and Thirion, B. and Grisel, O. and Blondel, M. and Prettenhofer, P.
         and Weiss, R. and Dubourg, V. and Vanderplas, J. and Passos, A. and
         Cournapeau, D. and Brucher, M. and Perrot, M. and Duchesnay, E.},
 journal={Journal of Machine Learning Research},
 volume={12},
 pages={2825--2830},
 year={2011}
}

@TechReport{vanRossum_1995,
  author =       "Guido {van Rossum}",
  title =        "{Python} tutorial",
  type =         "Report",
  number =       "CS-R9526",
  institution =  "pub-CWI",
  address =      "pub-CWI:adr",
  pages =        "iii + 65",
  month =        apr,
  year =         "1995",
  bibdate =      "Thu May 21 14:06:05 MDT 1998",
  keywords =     "Object-oriented programming (Computer science);
                 Programming languages (Electronic computers)",
}

@article{vanDerWalt_2011,
  title={The NumPy array: a structure for efficient numerical computation},
  author={Van Der Walt, Stefan and Colbert, S Chris and Varoquaux, Gael},
  journal={Computing in Science \& Engineering},
  volume={13},
  number={2},
  pages={22--30},
  year={2011},
  publisher={AIP Publishing}
}

